@book{ellis1996,
  author    = {Ellis, Richard Keith and Stirling, William James and Webber, Bryan R},
  location  = {Cambridge},
  publisher = {Cambridge Univ. Press},
  series    = {Cambridge monographs on particle physics, nuclear physics, and cosmology},
  title     = {{QCD and Collider Physics}},
  year      = {1996},
}

@article{cteq2001,
  author       = {Sterman, George and others},
  description  = {Rev. Mod. Phys. 67, 157 (1995): Handbook of perturbative QCD},
  journaltitle = {Rev. Mod. Phys.},
  month        = {01},
  note         = {www.phys.psu.edu/~cteq/handbook/v1.1/handbook.pd},
  number       = {1},
  pages        = {157--248},
  publisher    = {American Physical Society},
  title        = {Handbook of perturbative QCD},
  url          = {http://link.aps.org/doi/10.1103/RevModPhys.67.157},
  volume       = {67},
  year         = {1995},
}

@article{mcgrid2013,
  author       = {Del Debbio, Luigi and Hartland, Nathan P. and Schumann, Steffen},
  doi          = {10.1016/j.cpc.2014.03.023},
  eprint       = {1312.4460},
  eprintclass  = {hep-ph},
  eprinttype   = {arXiv},
  journaltitle = {Comput.Phys.Commun.},
  pages        = {2115-2126},
  reportnumber = {MCNET-13-21, EDINBURGH-2013-36},
  slaccitation = {%%CITATION = ARXIV:1312.4460;%%},
  title        = {{MCgrid: projecting cross section calculations on grids}},
  volume       = {185},
  year         = {2014},
}

@article{applgrid2010,
  author       = {Carli, Tancredi and Clements, Dan and Cooper-Sarkar, Amanda and Gwenlan, Claire and Salam, Gavin P. and others},
  doi          = {10.1140/epjc/s10052-010-1255-0},
  eprint       = {0911.2985},
  eprintclass  = {hep-ph},
  eprinttype   = {arXiv},
  journaltitle = {Eur.Phys.J.},
  pages        = {503-524},
  slaccitation = {%%CITATION = ARXIV:0911.2985;%%},
  title        = {{A posteriori inclusion of parton density functions in NLO QCD final-state calculations at hadron colliders: The APPLGRID Project}},
  volume       = {C66},
  year         = {2010},
}

@article{fastnlo2006,
  author       = {Kluge, T. and Rabbertz, K. and Wobisch, M.},
  eprint       = {hep-ph/0609285},
  eprintclass  = {hep-ph},
  eprinttype   = {arXiv},
  pages        = {483-486},
  reportnumber = {DESY-06-186, FERMILAB-CONF-06-352-E},
  slaccitation = {%%CITATION = HEP-PH/0609285;%%},
  title        = {{FastNLO: Fast pQCD calculations for PDF fits}},
  year         = {2006},
}

@article{fastnlo2011,
  author        = {Wobisch, M. and Britzger, D. and Kluge, T. and Rabbertz, K. and Stober, F.},
  collaboration = {fastNLO},
  eprint        = {1109.1310},
  eprintclass   = {hep-ph},
  eprinttype    = {arXiv},
  reportnumber  = {DESY-11-150, FERMILAB-PUB-11-418-PPD},
  slaccitation  = {%%CITATION = ARXIV:1109.1310;%%},
  title         = {{Theory-Data Comparisons for Jet Measurements in Hadron-Induced Processes}},
  year          = {2011},
}

@article{pdg2012,
  author       = {{Beringer, J. and Arguin, J. -F. and Barnett, R. M. and others}},
  doi          = {10.1103/PhysRevD.86.010001},
  issue        = {1},
  journaltitle = {Phys. Rev. D},
  month        = {Jul},
  numpages     = {1528},
  pages        = {010001},
  publisher    = {American Physical Society},
  title        = {Review of Particle Physics*},
  url          = {http://link.aps.org/doi/10.1103/PhysRevD.86.010001},
  volume       = {86},
  year         = {2012},
}

@article{feynman1969,
  author       = {Feynman, Richard P.},
  doi          = {10.1103/PhysRevLett.23.1415},
  issue        = {24},
  journaltitle = {Phys. Rev. Lett.},
  month        = {Dec},
  numpages     = {0},
  pages        = {1415--1417},
  publisher    = {American Physical Society},
  title        = {Very High-Energy Collisions of Hadrons},
  url          = {http://link.aps.org/doi/10.1103/PhysRevLett.23.1415},
  volume       = {23},
  year         = {1969},
}

@article{pdg2014,
  author        = {K.A. Olive and others},
  collaboration = {Particle Data Group},
  doi           = {10.1088/1674-1137/38/9/090001},
  journaltitle  = {Chin.Phys.},
  pages         = {090001},
  title         = {Review of Particle Physics},
  volume        = {C38},
  year          = {2014},
}

@article{salam2010,
  author       = {Salam, Gavin P.},
  eprint       = {1011.5131},
  eprintclass  = {hep-ph},
  eprinttype   = {arXiv},
  reportnumber = {CERN-2010-002},
  slaccitation = {%%CITATION = ARXIV:1011.5131;%%},
  title        = {{Elements of QCD for hadron colliders}},
  year         = {2010},
}

@article{splittingkernel1,
  author       = {Moch, S. and Vermaseren, J.A.M. and Vogt, A.},
  doi          = {10.1016/j.nuclphysb.2004.03.030},
  eprint       = {hep-ph/0403192},
  eprintclass  = {hep-ph},
  eprinttype   = {arXiv},
  journaltitle = {Nucl.Phys.},
  pages        = {101-134},
  reportnumber = {DESY-04-047, SFB-CPP-04-09, NIKHEF-04-001},
  slaccitation = {%%CITATION = HEP-PH/0403192;%%},
  title        = {{The Three loop splitting functions in QCD: The Nonsinglet case}},
  volume       = {B688},
  year         = {2004},
}

@article{splittingkernel2,
  author       = {Vogt, A. and Moch, S. and Vermaseren, J.A.M.},
  doi          = {10.1016/j.nuclphysb.2004.04.024},
  eprint       = {hep-ph/0404111},
  eprintclass  = {hep-ph},
  eprinttype   = {arXiv},
  journaltitle = {Nucl.Phys.},
  pages        = {129-181},
  reportnumber = {NIKHEF-04-004, DESY-04-060, SFB-CPP-04-12},
  slaccitation = {%%CITATION = HEP-PH/0404111;%%},
  title        = {{The Three-loop splitting functions in QCD: The Singlet case}},
  volume       = {B691},
  year         = {2004},
}

@article{cms2012,
  author        = {Chatrchyan, Serguei and others},
  collaboration = {CMS},
  doi           = {10.1103/PhysRevD.85.032002},
  eprint        = {1110.4973},
  eprintclass   = {hep-ex},
  eprinttype    = {arXiv},
  journaltitle  = {Phys.Rev.},
  pages         = {032002},
  reportnumber  = {CMS-EWK-10-010, CERN-PH-EP-2011-169},
  slaccitation  = {%%CITATION = ARXIV:1110.4973;%%},
  title         = {{Measurement of the Rapidity and Transverse Momentum Distributions of $Z$ Bosons in $pp$ Collisions at $\sqrt{s}=7$ TeV}},
  volume        = {D85},
  year          = {2012},
}

@article{gleisberg2008ta,
  author       = {Gleisberg, T. and H{ö}che, Stefan. and Krauss, F. and Sch{ö}nherr, M. and Schumann, S. and others},
  doi          = {10.1088/1126-6708/2009/02/007},
  eprint       = {0811.4622},
  eprintclass  = {hep-ph},
  eprinttype   = {arXiv},
  journaltitle = {JHEP},
  pages        = {007},
  reportnumber = {FERMILAB-PUB-08-477-T, SLAC-PUB-13420, ZU-TH-17-08, DCPT-08-138, IPPP-08-69, EDINBURGH-2008-30, MCNET-08-14},
  slaccitation = {%%CITATION = ARXIV:0811.4622;%%},
  title        = {{Event generation with Sherpa 1.1}},
  volume       = {0902},
  year         = {2009},
}

@article{schonherr2008,
  author       = {Sch{ö}nherr, Marek and Krauss, Frank},
  doi          = {10.1088/1126-6708/2008/12/018},
  eprint       = {0810.5071},
  eprintclass  = {hep-ph},
  eprinttype   = {arXiv},
  journaltitle = {JHEP},
  pages        = {018},
  reportnumber = {DCPT-07-96, IPPP-07-48, MCNET-08-13},
  slaccitation = {%%CITATION = ARXIV:0810.5071;%%},
  title        = {{Soft Photon Radiation in Particle Decays in Sherpa}},
  volume       = {0812},
  year         = {2008},
}

@article{gleisberg2008fv,
  author       = {Gleisberg, Tanju and H{ö}che, Stefan},
  doi          = {10.1088/1126-6708/2008/12/039},
  eprint       = {0808.3674},
  eprintclass  = {hep-ph},
  eprinttype   = {arXiv},
  journaltitle = {JHEP},
  pages        = {039},
  reportnumber = {SLAC-PUB-13232, IPPP-08-31, DCPT-08-62, MCNET-08-08},
  slaccitation = {%%CITATION = ARXIV:0808.3674;%%},
  title        = {{Comix, a new matrix element generator}},
  volume       = {0812},
  year         = {2008},
}

@article{schumann2007,
  author       = {Schumann, Steffen and Krauss, Frank},
  doi          = {10.1088/1126-6708/2008/03/038},
  eprint       = {0709.1027},
  eprintclass  = {hep-ph},
  eprinttype   = {arXiv},
  journaltitle = {JHEP},
  pages        = {038},
  reportnumber = {DCPT-07-86, IPPP-07-43},
  slaccitation = {%%CITATION = ARXIV:0709.1027;%%},
  title        = {{A Parton shower algorithm based on Catani-Seymour dipole factorisation}},
  volume       = {0803},
  year         = {2008},
}

@article{rivet2010,
  author       = {Buckley, Andy and Butterworth, Jonathan and Lonnblad, Leif and Grellscheid, David and Hoeth, Hendrik and others},
  doi          = {10.1016/j.cpc.2013.05.021},
  eprint       = {1003.0694},
  eprintclass  = {hep-ph},
  eprinttype   = {arXiv},
  journaltitle = {Comput.Phys.Commun.},
  pages        = {2803-2819},
  reportnumber = {MCNET-10-03},
  slaccitation = {%%CITATION = ARXIV:1003.0694;%%},
  title        = {{Rivet user manual}},
  volume       = {184},
  year         = {2013},
}

@article{higgshandbook1,
  author        = {Dittmaier, S. and others},
  collaboration = {LHC Higgs Cross Section Working Group},
  doi           = {10.5170/CERN-2011-002},
  eprint        = {1101.0593},
  eprintclass   = {hep-ph},
  eprinttype    = {arXiv},
  reportnumber  = {CERN-2011-002},
  slaccitation  = {%%CITATION = ARXIV:1101.0593;%%},
  title         = {{Handbook of LHC Higgs Cross Sections: 1. Inclusive Observables}},
  year          = {2011},
}

@article{higgshandbook2,
  author       = {Dittmaier, S. and Dittmaier, S. and Mariotti, C. and Passarino, G. and Tanaka, R. and others},
  doi          = {10.5170/CERN-2012-002},
  eprint       = {1201.3084},
  eprintclass  = {hep-ph},
  eprinttype   = {arXiv},
  reportnumber = {CERN-2012-002},
  slaccitation = {%%CITATION = ARXIV:1201.3084;%%},
  title        = {{Handbook of LHC Higgs Cross Sections: 2. Differential Distributions}},
  year         = {2012},
}

@article{higgshandbook3,
  author        = {Heinemeyer, S and others},
  collaboration = {LHC Higgs Cross Section Working Group},
  doi           = {10.5170/CERN-2013-004},
  editor        = {Heinemeyer, S},
  eprint        = {1307.1347},
  eprintclass   = {hep-ph},
  eprinttype    = {arXiv},
  reportnumber  = {CERN-2013-004, FERMILAB-CONF-13-667-T},
  slaccitation  = {%%CITATION = ARXIV:1307.1347;%%},
  title         = {{Handbook of LHC Higgs Cross Sections: 3. Higgs Properties}},
  year          = {2013},
}

@article{gluonfusioncrosssection,
  author       = {Georgi, H. M. and Glashow, S. L. and Machacek, M. E. and Nanopoulos, D. V.},
  doi          = {10.1103/PhysRevLett.40.692},
  issue        = {11},
  journaltitle = {Phys. Rev. Lett.},
  month        = {Mar},
  numpages     = {0},
  pages        = {692--694},
  publisher    = {American Physical Society},
  title        = {Higgs Bosons from Two-Gluon Annihilation in Proton-Proton Collisions},
  url          = {http://link.aps.org/doi/10.1103/PhysRevLett.40.692},
  volume       = {40},
  year         = {1978},
}

@article{symmetrybreaking1,
  author       = {Djouadi, Abdelhak},
  doi          = {10.1016/j.physrep.2007.10.004},
  eprint       = {hep-ph/0503172},
  eprintclass  = {hep-ph},
  eprinttype   = {arXiv},
  journaltitle = {Phys.Rept.},
  pages        = {1-216},
  reportnumber = {LPT-ORSAY-05-17},
  slaccitation = {%%CITATION = HEP-PH/0503172;%%},
  title        = {{The Anatomy of electro-weak symmetry breaking. I: The Higgs boson in the standard model}},
  volume       = {457},
  year         = {2008},
}

@article{symmetrybreaking2,
  author       = {Djouadi, Abdelhak},
  doi          = {10.1016/j.physrep.2007.10.005},
  eprint       = {hep-ph/0503173},
  eprintclass  = {hep-ph},
  eprinttype   = {arXiv},
  journaltitle = {Phys. Rept.},
  pages        = {1-241},
  reportnumber = {LPT-ORSAY-05-18},
  slaccitation = {%%CITATION = HEP-PH/0503173;%%},
  title        = {{The Anatomy of electro-weak symmetry breaking. II. The Higgs bosons in the minimal supersymmetric model}},
  volume       = {459},
  year         = {2008},
}

@article{gfusionnlo1,
  author       = {Graudenz, D. and Spira, M. and Zerwas, P. M.},
  doi          = {10.1103/PhysRevLett.70.1372},
  issue        = {10},
  journaltitle = {Phys. Rev. Lett.},
  month        = {Mar},
  numpages     = {0},
  pages        = {1372--1375},
  publisher    = {American Physical Society},
  title        = {QCD corrections to Higgs-boson production at proton-proton colliders},
  url          = {http://link.aps.org/doi/10.1103/PhysRevLett.70.1372},
  volume       = {70},
  year         = {1993},
}

@article{gfusionnlo2,
  author       = {A. Djouadi and M. Spira and P.M. Zerwas},
  doi          = {http://dx.doi.org/10.1016/0370-2693(91)90375-Z},
  issn         = {0370-2693},
  journaltitle = {Physics Letters B},
  note         = {},
  number       = {3–4},
  pages        = {440 - 446},
  title        = {Production of Higgs bosons in proton colliders. \{QCD\} corrections},
  url          = {http://www.sciencedirect.com/science/article/pii/037026939190375Z},
  volume       = {264},
  year         = {1991},
}

@article{htau_atlas,
  author        = {Aad, Georges and others},
  collaboration = {ATLAS},
  doi           = {10.1007/JHEP04(2015)117},
  eprint        = {1501.04943},
  eprintclass   = {hep-ex},
  eprinttype    = {arXiv},
  journaltitle  = {JHEP},
  pages         = {117},
  reportnumber  = {CERN-PH-EP-2014-262},
  slaccitation  = {%%CITATION = ARXIV:1501.04943;%%},
  title         = {{Evidence for the Higgs-boson Yukawa coupling to tau leptons with the ATLAS detector}},
  volume        = {1504},
  year          = {2015},
}

@article{htau_cms,
  author        = {Chatrchyan, Serguei and others},
  collaboration = {CMS},
  doi           = {10.1007/JHEP05(2014)104},
  eprint        = {1401.5041},
  eprintclass   = {hep-ex},
  eprinttype    = {arXiv},
  journaltitle  = {JHEP},
  pages         = {104},
  reportnumber  = {CMS-HIG-13-004, CERN-PH-EP-2014-001},
  slaccitation  = {%%CITATION = ARXIV:1401.5041;%%},
  title         = {{Evidence for the 125 GeV Higgs boson decaying to a pair of $\tau$ leptons}},
  volume        = {1405},
  year          = {2014},
}

@article{gfusionnnlo1,
  author       = {Harlander, Robert V. and Kilgore, William B.},
  doi          = {10.1103/PhysRevLett.88.201801},
  issue        = {20},
  journaltitle = {Phys. Rev. Lett.},
  month        = {May},
  numpages     = {4},
  pages        = {201801},
  publisher    = {American Physical Society},
  title        = {Next-to-Next-to-Leading Order Higgs Production at Hadron Colliders},
  url          = {http://link.aps.org/doi/10.1103/PhysRevLett.88.201801},
  volume       = {88},
  year         = {2002},
}

@article{gfusionnnlo2,
  author       = {Anastasiou, Charalampos and Melnikov, Kirill},
  doi          = {10.1016/S0550-3213(02)00837-4},
  eprint       = {hep-ph/0207004},
  eprintclass  = {hep-ph},
  eprinttype   = {arXiv},
  journaltitle = {Nucl.Phys.},
  pages        = {220-256},
  reportnumber = {SLAC-PUB-9273},
  slaccitation = {%%CITATION = HEP-PH/0207004;%%},
  title        = {{Higgs boson production at hadron colliders in NNLO QCD}},
  volume       = {B646},
  year         = {2002},
}

@article{gfusionnlo3,
  author       = {S. Dawson},
  doi          = {http://dx.doi.org/10.1016/0550-3213(91)90061-2},
  issn         = {0550-3213},
  journaltitle = {Nuclear Physics B},
  note         = {},
  number       = {2–3},
  pages        = {283 - 300},
  title        = {Radiative corrections to Higgs boson production},
  url          = {http://www.sciencedirect.com/science/article/pii/0550321391900612},
  volume       = {359},
  year         = {1991},
}

@article{ggh_nnlo_fullydiff_1,
  author       = {Anastasiou, Charalampos and Melnikov, Kirill and Petriello, Frank},
  doi          = {10.1016/j.nuclphysb.2005.06.036},
  eprint       = {hep-ph/0501130},
  eprintclass  = {hep-ph},
  eprinttype   = {arXiv},
  journaltitle = {Nucl.Phys.},
  pages        = {197-246},
  reportnumber = {UH-511-1066-05},
  slaccitation = {%%CITATION = HEP-PH/0501130;%%},
  title        = {{Fully differential Higgs boson production and the di-photon signal through next-to-next-to-leading order}},
  volume       = {B724},
  year         = {2005},
}

@article{ggh_nnlo_fullydiff_2,
  author       = {Catani, Stefano and Grazzini, Massimiliano},
  doi          = {10.1103/PhysRevLett.98.222002},
  eprint       = {hep-ph/0703012},
  eprintclass  = {hep-ph},
  eprinttype   = {arXiv},
  journaltitle = {Phys.Rev.Lett.},
  pages        = {222002},
  slaccitation = {%%CITATION = HEP-PH/0703012;%%},
  title        = {{An NNLO subtraction formalism in hadron collisions and its application to Higgs boson production at the LHC}},
  volume       = {98},
  year         = {2007},
}

@article{gghj_nlo_fullydiff_1,
  author       = {de Florian, D. and Grazzini, M. and Kunszt, Z.},
  doi          = {10.1103/PhysRevLett.82.5209},
  eprint       = {hep-ph/9902483},
  eprintclass  = {hep-ph},
  eprinttype   = {arXiv},
  journaltitle = {Phys.Rev.Lett.},
  pages        = {5209-5212},
  reportnumber = {ETH-TH-99-06},
  slaccitation = {%%CITATION = HEP-PH/9902483;%%},
  title        = {{Higgs production with large transverse momentum in hadronic collisions at next-to-leading order}},
  volume       = {82},
  year         = {1999},
}

@article{gghj_nlo_fullydiff_2,
  author       = {Ravindran, V. and Smith, J. and Van Neerven, W.L.},
  doi          = {10.1016/S0550-3213(02)00333-4},
  eprint       = {hep-ph/0201114},
  eprintclass  = {hep-ph},
  eprinttype   = {arXiv},
  journaltitle = {Nucl.Phys.},
  pages        = {247-290},
  reportnumber = {YITP-SB-01-73, INLO-PUB-12-01},
  slaccitation = {%%CITATION = HEP-PH/0201114;%%},
  title        = {{Next-to-leading order QCD corrections to differential distributions of Higgs boson production in hadron hadron collisions}},
  volume       = {B634},
  year         = {2002},
}

@article{gghjj_nlo_fullydiff_1,
  author       = {Campbell, John M. and Ellis, R. Keith and Williams, Ciaran},
  doi          = {10.1103/PhysRevD.81.074023},
  eprint       = {1001.4495},
  eprintclass  = {hep-ph},
  eprinttype   = {arXiv},
  journaltitle = {Phys.Rev.},
  pages        = {074023},
  reportnumber = {FERMILAB-PUB-10-013-T, IPPP-10-06},
  slaccitation = {%%CITATION = ARXIV:1001.4495;%%},
  title        = {{Hadronic production of a Higgs boson and two jets at next-to-leading order}},
  volume       = {D81},
  year         = {2010},
}

@article{gghjj_nlo_fullydiff_2,
  author       = {van Deurzen, H. and Greiner, N. and Luisoni, G. and Mastrolia, P. and Mirabella, E. and others},
  doi          = {10.1016/j.physletb.2013.02.051},
  eprint       = {1301.0493},
  eprintclass  = {hep-ph},
  eprinttype   = {arXiv},
  journaltitle = {Phys.Lett.},
  pages        = {74-81},
  reportnumber = {DSF-03-2013, MPP-2013-36},
  slaccitation = {%%CITATION = ARXIV:1301.0493;%%},
  title        = {{NLO QCD corrections to the production of Higgs plus two jets at the LHC}},
  volume       = {B721},
  year         = {2013},
}

@article{gghjjj_nlo_fullydiff,
  author       = {Cullen, G. and van Deurzen, H. and Greiner, N. and Luisoni, G. and Mastrolia, P. and others},
  doi          = {10.1103/PhysRevLett.111.131801},
  eprint       = {1307.4737},
  eprintclass  = {hep-ph},
  eprinttype   = {arXiv},
  journaltitle = {Phys.Rev.Lett.},
  number       = {13},
  pages        = {131801},
  reportnumber = {DESY-13-119, DF-06-2013, LPN-13-042, MPP-2013-193, SFB-CPP-13-46},
  slaccitation = {%%CITATION = ARXIV:1307.4737;%%},
  title        = {{Next-to-Leading-Order QCD Corrections to Higgs Boson Production Plus Three Jets in Gluon Fusion}},
  volume       = {111},
  year         = {2013},
}

@article{gghj_nnlo_progress,
  author       = {Chen, X. and Gehrmann, T. and Glover, E.W.N. and Jaquier, M.},
  doi          = {10.1016/j.physletb.2014.11.021},
  eprint       = {1408.5325},
  eprintclass  = {hep-ph},
  eprinttype   = {arXiv},
  journaltitle = {Phys.Lett.},
  pages        = {147-150},
  reportnumber = {IPPP-14-64, ZU-TH-27-14},
  slaccitation = {%%CITATION = ARXIV:1408.5325;%%},
  title        = {{Precise QCD predictions for the production of Higgs + jet final states}},
  volume       = {B740},
  year         = {2015},
}

@article{slicing_vs_subtraction,
  author       = {Kunszt, Zoltan and Soper, Davison E.},
  doi          = {10.1103/PhysRevD.46.192},
  issue        = {1},
  journaltitle = {Phys. Rev. D},
  month        = {Jul},
  numpages     = {0},
  pages        = {192--221},
  publisher    = {American Physical Society},
  title        = {Calculation of jet cross sections in hadron collisions at order {${\ensuremath{\alpha}}_{s}^{3}$}},
  url          = {http://link.aps.org/doi/10.1103/PhysRevD.46.192},
  volume       = {46},
  year         = {1992},
}

@article{mcatnlo,
  author       = {Frixione, Stefano and Webber, Bryan R.},
  doi          = {10.1088/1126-6708/2002/06/029},
  eprint       = {hep-ph/0204244},
  eprintclass  = {hep-ph},
  eprinttype   = {arXiv},
  journaltitle = {JHEP},
  pages        = {029},
  reportnumber = {CAVENDISH-HEP-02-01, LAPTH-905-02, GEF-TH-2-2002},
  slaccitation = {%%CITATION = HEP-PH/0204244;%%},
  title        = {{Matching NLO QCD computations and parton shower simulations}},
  volume       = {0206},
  year         = {2002},
}

@article{catani_seymour1997,
  author       = {Catani, S. and Seymour, M.H.},
  doi          = {10.1016/S0550-3213(96)00589-5},
  eprint       = {hep-ph/9605323},
  eprintclass  = {hep-ph},
  eprinttype   = {arXiv},
  journaltitle = {Nucl.Phys.},
  pages        = {291-419},
  reportnumber = {CERN-TH-96-029, CERN-TH-96-29},
  slaccitation = {%%CITATION = HEP-PH/9605323;%%},
  title        = {{A General algorithm for calculating jet cross-sections in NLO QCD}},
  volume       = {B485},
  year         = {1997},
}

@article{ct10,
  author       = {Lai, Hung-Liang and Guzzi, Marco and Huston, Joey and Li, Zhao and Nadolsky, Pavel M. and others},
  doi          = {10.1103/PhysRevD.82.074024},
  eprint       = {1007.2241},
  eprintclass  = {hep-ph},
  eprinttype   = {arXiv},
  journaltitle = {Phys.Rev.},
  pages        = {074024},
  reportnumber = {MSUHEP-100707, SMU-HEP-10-10},
  slaccitation = {%%CITATION = ARXIV:1007.2241;%%},
  title        = {{New parton distributions for collider physics}},
  volume       = {D82},
  year         = {2010},
}

@article{fastjet_manual,
  author       = {Cacciari, Matteo and Salam, Gavin P. and Soyez, Gregory},
  doi          = {10.1140/epjc/s10052-012-1896-2},
  eprint       = {1111.6097},
  eprintclass  = {hep-ph},
  eprinttype   = {arXiv},
  journaltitle = {Eur.Phys.J.},
  pages        = {1896},
  reportnumber = {CERN-PH-TH-2011-297},
  slaccitation = {%%CITATION = ARXIV:1111.6097;%%},
  title        = {{FastJet User Manual}},
  volume       = {C72},
  year         = {2012},
}

@article{anti_kt,
  author       = {Cacciari, Matteo and Salam, Gavin P. and Soyez, Gregory},
  doi          = {10.1088/1126-6708/2008/04/063},
  eprint       = {0802.1189},
  eprintclass  = {hep-ph},
  eprinttype   = {arXiv},
  journaltitle = {JHEP},
  pages        = {063},
  reportnumber = {LPTHE-07-03},
  slaccitation = {%%CITATION = ARXIV:0802.1189;%%},
  title        = {{The Anti-k(t) jet clustering algorithm}},
  volume       = {0804},
  year         = {2008},
}

@article{higgs1964a,
  author       = {P.W. Higgs},
  doi          = {http://dx.doi.org/10.1016/0031-9163(64)91136-9},
  issn         = {0031-9163},
  journaltitle = {Physics Letters},
  note         = {},
  number       = {2},
  pages        = {132 - 133},
  title        = {Broken symmetries, massless particles and gauge fields},
  url          = {http://www.sciencedirect.com/science/article/pii/0031916364911369},
  volume       = {12},
  year         = {1964},
}

@article{higgs1964b,
  author       = {Higgs, Peter W.},
  doi          = {10.1103/PhysRevLett.13.508},
  issue        = {16},
  journaltitle = {Phys. Rev. Lett.},
  month        = {Oct},
  numpages     = {0},
  pages        = {508--509},
  publisher    = {American Physical Society},
  title        = {Broken Symmetries and the Masses of Gauge Bosons},
  url          = {http://link.aps.org/doi/10.1103/PhysRevLett.13.508},
  volume       = {13},
  year         = {1964},
}

@article{englert1964,
  author       = {Englert, F. and Brout, R.},
  doi          = {10.1103/PhysRevLett.13.321},
  issue        = {9},
  journaltitle = {Phys. Rev. Lett.},
  month        = {Aug},
  numpages     = {0},
  pages        = {321--323},
  publisher    = {American Physical Society},
  title        = {Broken Symmetry and the Mass of Gauge Vector Mesons},
  url          = {http://link.aps.org/doi/10.1103/PhysRevLett.13.321},
  volume       = {13},
  year         = {1964},
}

@article{guralnik1964,
  author       = {Guralnik, G. S. and Hagen, C. R. and Kibble, T. W. B.},
  doi          = {10.1103/PhysRevLett.13.585},
  issue        = {20},
  journaltitle = {Phys. Rev. Lett.},
  month        = {Nov},
  numpages     = {0},
  pages        = {585--587},
  publisher    = {American Physical Society},
  title        = {Global Conservation Laws and Massless Particles},
  url          = {http://link.aps.org/doi/10.1103/PhysRevLett.13.585},
  volume       = {13},
  year         = {1964},
}

@article{nambu1960,
  author       = {Nambu, Yoichiro},
  doi          = {10.1103/PhysRev.117.648},
  issue        = {3},
  journaltitle = {Phys. Rev.},
  month        = {Feb},
  numpages     = {0},
  pages        = {648--663},
  publisher    = {American Physical Society},
  title        = {Quasi-Particles and Gauge Invariance in the Theory of Superconductivity},
  url          = {http://link.aps.org/doi/10.1103/PhysRev.117.648},
  volume       = {117},
  year         = {1960},
}

@article{anderson1963,
  author       = {Anderson, P. W.},
  doi          = {10.1103/PhysRev.130.439},
  issue        = {1},
  journaltitle = {Phys. Rev.},
  month        = {Apr},
  numpages     = {0},
  pages        = {439--442},
  publisher    = {American Physical Society},
  title        = {Plasmons, Gauge Invariance, and Mass},
  url          = {http://link.aps.org/doi/10.1103/PhysRev.130.439},
  volume       = {130},
  year         = {1963},
}

@article{goldstone1961,
  author       = {Goldstone, J.},
  doi          = {10.1007/BF02812722},
  issn         = {0029-6341},
  journaltitle = {Il Nuovo Cimento},
  language     = {English},
  number       = {1},
  pages        = {154-164},
  publisher    = {Società Italiana di Fisica},
  title        = {Field theories with « Superconductor » solutions},
  url          = {http://dx.doi.org/10.1007/BF02812722},
  volume       = {19},
  year         = {1961},
}

@article{goldstone1962,
  author       = {Goldstone, Jeffrey and Salam, Abdus and Weinberg, Steven},
  doi          = {10.1103/PhysRev.127.965},
  issue        = {3},
  journaltitle = {Phys. Rev.},
  month        = {Aug},
  numpages     = {0},
  pages        = {965--970},
  publisher    = {American Physical Society},
  title        = {Broken Symmetries},
  url          = {http://link.aps.org/doi/10.1103/PhysRev.127.965},
  volume       = {127},
  year         = {1962},
}

@article{higgsdiscovery_atlas2012,
  author       = {G. Aad and T. Abajyan and B. Abbott and J. Abdallah and S. Abdel Khalek and A.A. Abdelalim and O. Abdinov and R. Aben and B. Abi and M. Abolins and O.S. AbouZeid and H. Abramowicz and H. Abreu and B.S. Acharya and L. Adamczyk and D.L. Adams and T.N. Addy and J. Adelman and S. Adomeit and P. Adragna and T. Adye and S. Aefsky and J.A. Aguilar-Saavedra and M. Agustoni and M. Aharrouche and S.P. Ahlen and F. Ahles and A. Ahmad and M. Ahsan and G. Aielli and T. Akdogan and T.P.A. Åkesson and G. Akimoto and A.V. Akimov and M.S. Alam and M.A. Alam and J. Albert and S. Albrand and M. Aleksa and I.N. Aleksandrov and F. Alessandria and C. Alexa and G. Alexander and G. Alexandre and T. Alexopoulos and M. Alhroob and M. Aliev and G. Alimonti and J. Alison and B.M.M. Allbrooke and P.P. Allport and S.E. Allwood-Spiers and J. Almond and A. Aloisio and R. Alon and A. Alonso and F. Alonso and A. Altheimer and B. Alvarez Gonzalez and M.G. Alviggi and K. Amako and C. Amelung and V.V. Ammosov and S.P. Amor Dos Santos and A. Amorim and N. Amram and C. Anastopoulos and L.S. Ancu and N. Andari and T. Andeen and C.F. Anders and G. Anders and K.J. Anderson and A. Andreazza and V. Andrei and M.-L. Andrieux and X.S. Anduaga and S. Angelidakis and P. Anger and A. Angerami and F. Anghinolfi and A. Anisenkov and N. Anjos and A. Annovi and A. Antonaki and M. Antonelli and A. Antonov and J. Antos and F. Anulli and M. Aoki and S. Aoun and L. Aperio Bella and R. Apolle and G. Arabidze and I. Aracena and Y. Arai and A.T.H. Arce and S. Arfaoui and J.-F. Arguin and E. Arik and M. Arik and A.J. Armbruster and O. Arnaez and V. Arnal and C. Arnault and A. Artamonov and G. Artoni and D. Arutinov and S. Asai and S. Ask and B. Åsman and L. Asquith and K. Assamagan and A. Astbury and M. Atkinson and B. Aubert and E. Auge and K. Augsten and M. Aurousseau and G. Avolio and R. Avramidou and D. Axen and G. Azuelos and Y. Azuma and M.A. Baak and G. Baccaglioni and C. Bacci and A.M. Bach and H. Bachacou and K. Bachas and M. Backes and M. Backhaus and J. Backus Mayes and E. Badescu and P. Bagnaia and S. Bahinipati and Y. Bai and D.C. Bailey and T. Bain and J.T. Baines and O.K. Baker and M.D. Baker and S. Baker and P. Balek and E. Banas and P. Banerjee and Sw. Banerjee and D. Banfi and A. Bangert and V. Bansal and H.S. Bansil and L. Barak and S.P. Baranov and A. Barbaro Galtieri and T. Barber and E.L. Barberio and D. Barberis and M. Barbero and D.Y. Bardin and T. Barillari and M. Barisonzi and T. Barklow and N. Barlow and B.M. Barnett and R.M. Barnett and A. Baroncelli and G. Barone and A.J. Barr and F. Barreiro and J. Barreiro Guimarães da Costa and P. Barrillon and R. Bartoldus and A.E. Barton and V. Bartsch and A. Basye and R.L. Bates and L. Batkova and J.R. Batley and A. Battaglia and M. Battistin and F. Bauer and H.S. Bawa and S. Beale and T. Beau and P.H. Beauchemin and R. Beccherle and P. Bechtle and H.P. Beck and A.K. Becker and S. Becker and M. Beckingham and K.H. Becks and A.J. Beddall and A. Beddall and S. Bedikian and V.A. Bednyakov and C.P. Bee and L.J. Beemster and M. Begel and S. Behar Harpaz and P.K. Behera and M. Beimforde and C. Belanger-Champagne and P.J. Bell and W.H. Bell and G. Bella and L. Bellagamba and M. Bellomo and A. Belloni and O. Beloborodova and K. Belotskiy and O. Beltramello and O. Benary and D. Benchekroun and K. Bendtz and N. Benekos and Y. Benhammou and E. Benhar Noccioli and J.A. Benitez Garcia and D.P. Benjamin and M. Benoit and J.R. Bensinger and K. Benslama and S. Bentvelsen and D. Berge and E. Bergeaas Kuutmann and N. Berger and F. Berghaus and E. Berglund and J. Beringer and P. Bernat and R. Bernhard and C. Bernius and F.U. Bernlochner and T. Berry and C. Bertella and A. Bertin and F. Bertolucci and M.I. Besana and G.J. Besjes and N. Besson and S. Bethke and W. Bhimji and R.M. Bianchi and M. Bianco and O. Biebel and S.P. Bieniek and K. Bierwagen and J. Biesiada and M. Biglietti and H. Bilokon and M. Bindi and S. Binet and A. Bingul and C. Bini and C. Biscarat and B. Bittner and K.M. Black and R.E. Blair and J.-B. Blanchard and G. Blanchot and T. Blazek and I. Bloch and C. Blocker and J. Blocki and A. Blondel and W. Blum and U. Blumenschein and G.J. Bobbink and V.B. Bobrovnikov and S.S. Bocchetta and A. Bocci and C.R. Boddy and M. Boehler and J. Boek and N. Boelaert and J.A. Bogaerts and A. Bogdanchikov and A. Bogouch and C. Bohm and J. Bohm and V. Boisvert and T. Bold and V. Boldea and N.M. Bolnet and M. Bomben and M. Bona and M. Boonekamp and S. Bordoni and C. Borer and A. Borisov and G. Borissov and I. Borjanovic and M. Borri and S. Borroni and V. Bortolotto and K. Bos and D. Boscherini and M. Bosman and H. Boterenbrood and J. Bouchami and J. Boudreau and E.V. Bouhova-Thacker and D. Boumediene and C. Bourdarios and N. Bousson and A. Boveia and J. Boyd and I.R. Boyko and I. Bozovic-Jelisavcic and J. Bracinik and P. Branchini and G.W. Brandenburg and A. Brandt and G. Brandt and O. Brandt and U. Bratzler and B. Brau and J.E. Brau and H.M. Braun and S.F. Brazzale and B. Brelier and J. Bremer and K. Brendlinger and R. Brenner and S. Bressler and D. Britton and F.M. Brochu and I. Brock and R. Brock and F. Broggi and C. Bromberg and J. Bronner and G. Brooijmans and T. Brooks and W.K. Brooks and G. Brown and H. Brown and P.A. Bruckman de Renstrom and D. Bruncko and R. Bruneliere and S. Brunet and A. Bruni and G. Bruni and M. Bruschi and T. Buanes and Q. Buat and F. Bucci and J. Buchanan and P. Buchholz and R.M. Buckingham and A.G. Buckley and S.I. Buda and I.A. Budagov and B. Budick and V. Büscher and L. Bugge and O. Bulekov and A.C. Bundock and M. Bunse and T. Buran and H. Burckhart and S. Burdin and T. Burgess and S. Burke and E. Busato and P. Bussey and C.P. Buszello and B. Butler and J.M. Butler and C.M. Buttar and J.M. Butterworth and W. Buttinger and S. Cabrera Urbán and D. Caforio and O. Cakir and P. Calafiura and G. Calderini and P. Calfayan and R. Calkins and L.P. Caloba and R. Caloi and D. Calvet and S. Calvet and R. Camacho Toro and P. Camarri and D. Cameron and L.M. Caminada and R. Caminal Armadans and S. Campana and M. Campanelli and V. Canale and F. Canelli and A. Canepa and J. Cantero and R. Cantrill and L. Capasso and M.D.M. Capeans Garrido and I. Caprini and M. Caprini and D. Capriotti and M. Capua and R. Caputo and R. Cardarelli and T. Carli and G. Carlino and L. Carminati and B. Caron and S. Caron and E. Carquin and G.D. Carrillo-Montoya and A.A. Carter and J.R. Carter and J. Carvalho and D. Casadei and M.P. Casado and M. Cascella and C. Caso and A.M. Castaneda Hernandez and E. Castaneda-Miranda and V. Castillo Gimenez and N.F. Castro and G. Cataldi and P. Catastini and A. Catinaccio and J.R. Catmore and A. Cattai and G. Cattani and S. Caughron and V. Cavaliere and P. Cavalleri and D. Cavalli and M. Cavalli-Sforza and V. Cavasinni and F. Ceradini and A.S. Cerqueira and A. Cerri and L. Cerrito and F. Cerutti and S.A. Cetin and A. Chafaq and D. Chakraborty and I. Chalupkova and K. Chan and P. Chang and B. Chapleau and J.D. Chapman and J.W. Chapman and E. Chareyre and D.G. Charlton and V. Chavda and C.A. Chavez Barajas and S. Cheatham and S. Chekanov and S.V. Chekulaev and G.A. Chelkov and M.A. Chelstowska and C. Chen and H. Chen and S. Chen and X. Chen and Y. Chen and Y. Cheng and A. Cheplakov and R. Cherkaoui El Moursli and V. Chernyatin and E. Cheu and S.L. Cheung and L. Chevalier and G. Chiefari and L. Chikovani and J.T. Childers and A. Chilingarov and G. Chiodini and A.S. Chisholm and R.T. Chislett and A. Chitan and M.V. Chizhov and G. Choudalakis and S. Chouridou and I.A. Christidi and A. Christov and D. Chromek-Burckhart and M.L. Chu and J. Chudoba and G. Ciapetti and A.K. Ciftci and R. Ciftci and D. Cinca and V. Cindro and C. Ciocca and A. Ciocio and M. Cirilli and P. Cirkovic and Z.H. Citron and M. Citterio and M. Ciubancan and A. Clark and P.J. Clark and R.N. Clarke and W. Cleland and J.C. Clemens and B. Clement and C. Clement and Y. Coadou and M. Cobal and A. Coccaro and J. Cochran and L. Coffey and J.G. Cogan and J. Coggeshall and E. Cogneras and J. Colas and S. Cole and A.P. Colijn and N.J. Collins and C. Collins-Tooth and J. Collot and T. Colombo and G. Colon and G. Compostella and P. Conde Muiño and E. Coniavitis and M.C. Conidi and S.M. Consonni and V. Consorti and S. Constantinescu and C. Conta and G. Conti and F. Conventi and M. Cooke and B.D. Cooper and A.M. Cooper-Sarkar and N.J. Cooper-Smith and K. Copic and T. Cornelissen and M. Corradi and F. Corriveau and A. Cortes-Gonzalez and G. Cortiana and G. Costa and M.J. Costa and D. Costanzo and D. Côté and L. Courneyea and G. Cowan and C. Cowden and B.E. Cox and K. Cranmer and F. Crescioli and M. Cristinziani and G. Crosetti and S. Crépé-Renaudin and C.-M. Cuciuc and C. Cuenca Almenar and T. Cuhadar Donszelmann and M. Curatolo and C.J. Curtis and C. Cuthbert and P. Cwetanski and H. Czirr and P. Czodrowski and Z. Czyczula and S. DʼAuria and M. DʼOnofrio and A. DʼOrazio and M.J. Da Cunha Sargedas De Sousa and C. Da Via and W. Dabrowski and A. Dafinca and T. Dai and C. Dallapiccola and M. Dam and M. Dameri and D.S. Damiani and H.O. Danielsson and V. Dao and G. Darbo and G.L. Darlea and J.A. Dassoulas and W. Davey and T. Davidek and N. Davidson and R. Davidson and E. Davies and M. Davies and O. Davignon and A.R. Davison and Y. Davygora and E. Dawe and I. Dawson and R.K. Daya-Ishmukhametova and K. De and R. de Asmundis and S. De Castro and S. De Cecco and J. de Graat and N. De Groot and P. de Jong and C. De La Taille and H. De la Torre and F. De Lorenzi and L. de Mora and L. De Nooij and D. De Pedis and A. De Salvo and U. De Sanctis and A. De Santo and J.B. De Vivie De Regie and G. De Zorzi and W.J. Dearnaley and R. Debbe and C. Debenedetti and B. Dechenaux and D.V. Dedovich and J. Degenhardt and C. Del Papa and J. Del Peso and T. Del Prete and T. Delemontex and M. Deliyergiyev and A. DellʼAcqua and L. DellʼAsta and M. Della Pietra and D. della Volpe and M. Delmastro and P. Delpierre and P.A. Delsart and C. Deluca and S. Demers and M. Demichev and B. Demirkoz and J. Deng and S.P. Denisov and D. Derendarz and J.E. Derkaoui and F. Derue and P. Dervan and K. Desch and E. Devetak and P.O. Deviveiros and A. Dewhurst and B. DeWilde and S. Dhaliwal and R. Dhullipudi and A. Di Ciaccio and L. Di Ciaccio and C. Di Donato and A. Di Girolamo and B. Di Girolamo and S. Di Luise and A. Di Mattia and B. Di Micco and R. Di Nardo and A. Di Simone and R. Di Sipio and M.A. Diaz and E.B. Diehl and J. Dietrich and T.A. Dietzsch and S. Diglio and K. Dindar Yagci and J. Dingfelder and F. Dinut and C. Dionisi and P. Dita and S. Dita and F. Dittus and F. Djama and T. Djobava and M.A.B. do Vale and A. Do Valle Wemans and T.K.O. Doan and M. Dobbs and R. Dobinson and D. Dobos and E. Dobson and J. Dodd and C. Doglioni and T. Doherty and Y. Doi and J. Dolejsi and I. Dolenc and Z. Dolezal and B.A. Dolgoshein and T. Dohmae and M. Donadelli and J. Donini and J. Dopke and A. Doria and A. Dos Anjos and A. Dotti and M.T. Dova and J.D. Dowell and A.D. Doxiadis and A.T. Doyle and N. Dressnandt and M. Dris and J. Dubbert and S. Dube and E. Duchovni and G. Duckeck and D. Duda and A. Dudarev and F. Dudziak and M. Dührssen and I.P. Duerdoth and L. Duflot and M.-A. Dufour and L. Duguid and M. Dunford and H. Duran Yildiz and R. Duxfield and M. Dwuznik and F. Dydak and M. Düren and W.L. Ebenstein and J. Ebke and S. Eckweiler and K. Edmonds and W. Edson and C.A. Edwards and N.C. Edwards and W. Ehrenfeld and T. Eifert and G. Eigen and K. Einsweiler and E. Eisenhandler and T. Ekelof and M. El Kacimi and M. Ellert and S. Elles and F. Ellinghaus and K. Ellis and N. Ellis and J. Elmsheuser and M. Elsing and D. Emeliyanov and R. Engelmann and A. Engl and B. Epp and J. Erdmann and A. Ereditato and D. Eriksson and J. Ernst and M. Ernst and J. Ernwein and D. Errede and S. Errede and E. Ertel and M. Escalier and H. Esch and C. Escobar and X. Espinal Curull and B. Esposito and F. Etienne and A.I. Etienvre and E. Etzion and D. Evangelakou and H. Evans and L. Fabbri and C. Fabre and R.M. Fakhrutdinov and S. Falciano and Y. Fang and M. Fanti and A. Farbin and A. Farilla and J. Farley and T. Farooque and S. Farrell and S.M. Farrington and P. Farthouat and F. Fassi and P. Fassnacht and D. Fassouliotis and B. Fatholahzadeh and A. Favareto and L. Fayard and S. Fazio and R. Febbraro and P. Federic and O.L. Fedin and W. Fedorko and M. Fehling-Kaschek and L. Feligioni and D. Fellmann and C. Feng and E.J. Feng and A.B. Fenyuk and J. Ferencei and W. Fernando and S. Ferrag and J. Ferrando and V. Ferrara and A. Ferrari and P. Ferrari and R. Ferrari and D.E. Ferreira de Lima and A. Ferrer and D. Ferrere and C. Ferretti and A. Ferretto Parodi and M. Fiascaris and F. Fiedler and A. Filipčič and F. Filthaut and M. Fincke-Keeler and M.C.N. Fiolhais and L. Fiorini and A. Firan and G. Fischer and M.J. Fisher and M. Flechl and I. Fleck and J. Fleckner and P. Fleischmann and S. Fleischmann and T. Flick and A. Floderus and L.R. Flores Castillo and M.J. Flowerdew and T. Fonseca Martin and A. Formica and A. Forti and D. Fortin and D. Fournier and A.J. Fowler and H. Fox and P. Francavilla and M. Franchini and S. Franchino and D. Francis and T. Frank and M. Franklin and S. Franz and M. Fraternali and S. Fratina and S.T. French and C. Friedrich and F. Friedrich and R. Froeschl and D. Froidevaux and J.A. Frost and C. Fukunaga and E. Fullana Torregrosa and B.G. Fulsom and J. Fuster and C. Gabaldon and O. Gabizon and S. Gadatsch and T. Gadfort and S. Gadomski and G. Gagliardi and P. Gagnon and C. Galea and B. Galhardo and E.J. Gallas and V. Gallo and B.J. Gallop and P. Gallus and K.K. Gan and Y.S. Gao and A. Gaponenko and F. Garberson and M. Garcia-Sciveres and C. García and J.E. García Navarro and R.W. Gardner and N. Garelli and H. Garitaonandia and V. Garonne and C. Gatti and G. Gaudio and B. Gaur and L. Gauthier and P. Gauzzi and I.L. Gavrilenko and C. Gay and G. Gaycken and E.N. Gazis and P. Ge and Z. Gecse and C.N.P. Gee and D.A.A. Geerts and Ch. Geich-Gimbel and K. Gellerstedt and C. Gemme and A. Gemmell and M.H. Genest and S. Gentile and M. George and S. George and P. Gerlach and A. Gershon and C. Geweniger and H. Ghazlane and N. Ghodbane and B. Giacobbe and S. Giagu and V. Giakoumopoulou and V. Giangiobbe and F. Gianotti and B. Gibbard and A. Gibson and S.M. Gibson and M. Gilchriese and O. Gildemeister and D. Gillberg and A.R. Gillman and D.M. Gingrich and J. Ginzburg and N. Giokaris and M.P. Giordani and R. Giordano and F.M. Giorgi and P. Giovannini and P.F. Giraud and D. Giugni and M. Giunta and P. Giusti and B.K. Gjelsten and L.K. Gladilin and C. Glasman and J. Glatzer and A. Glazov and K.W. Glitza and G.L. Glonti and J.R. Goddard and J. Godfrey and J. Godlewski and M. Goebel and T. Göpfert and C. Goeringer and C. Gössling and S. Goldfarb and T. Golling and A. Gomes and L.S. Gomez Fajardo and R. Gonçalo and J. Goncalves Pinto Firmino Da Costa and L. Gonella and S. González de la Hoz and G. Gonzalez Parra and M.L. Gonzalez Silva and S. Gonzalez-Sevilla and J.J. Goodson and L. Goossens and P.A. Gorbounov and H.A. Gordon and I. Gorelov and G. Gorfine and B. Gorini and E. Gorini and A. Gorišek and E. Gornicki and B. Gosdzik and A.T. Goshaw and M. Gosselink and M.I. Gostkin and I. Gough Eschrich and M. Gouighri and D. Goujdami and M.P. Goulette and A.G. Goussiou and C. Goy and S. Gozpinar and I. Grabowska-Bold and P. Grafström and K.-J. Grahn and E. Gramstad and F. Grancagnolo and S. Grancagnolo and V. Grassi and V. Gratchev and N. Grau and H.M. Gray and J.A. Gray and E. Graziani and O.G. Grebenyuk and T. Greenshaw and Z.D. Greenwood and K. Gregersen and I.M. Gregor and P. Grenier and J. Griffiths and N. Grigalashvili and A.A. Grillo and S. Grinstein and Ph. Gris and Y.V. Grishkevich and J.-F. Grivaz and E. Gross and J. Grosse-Knetter and J. Groth-Jensen and K. Grybel and D. Guest and C. Guicheney and T. Guillemin and S. Guindon and U. Gul and J. Gunther and B. Guo and J. Guo and P. Gutierrez and N. Guttman and O. Gutzwiller and C. Guyot and C. Gwenlan and C.B. Gwilliam and A. Haas and S. Haas and C. Haber and H.K. Hadavand and D.R. Hadley and P. Haefner and F. Hahn and S. Haider and Z. Hajduk and H. Hakobyan and D. Hall and J. Haller and K. Hamacher and P. Hamal and K. Hamano and M. Hamer and A. Hamilton and S. Hamilton and L. Han and K. Hanagaki and K. Hanawa and M. Hance and C. Handel and P. Hanke and J.R. Hansen and J.B. Hansen and J.D. Hansen and P.H. Hansen and P. Hansson and K. Hara and A.S. Hard and G.A. Hare and T. Harenberg and S. Harkusha and D. Harper and R.D. Harrington and O.M. Harris and J. Hartert and F. Hartjes and T. Haruyama and A. Harvey and S. Hasegawa and Y. Hasegawa and S. Hassani and S. Haug and M. Hauschild and R. Hauser and M. Havranek and C.M. Hawkes and R.J. Hawkings and A.D. Hawkins and T. Hayakawa and T. Hayashi and D. Hayden and C.P. Hays and H.S. Hayward and S.J. Haywood and S.J. Head and V. Hedberg and L. Heelan and S. Heim and B. Heinemann and S. Heisterkamp and L. Helary and C. Heller and M. Heller and S. Hellman and D. Hellmich and C. Helsens and R.C.W. Henderson and M. Henke and A. Henrichs and A.M. Henriques Correia and S. Henrot-Versille and C. Hensel and T. Henß and C.M. Hernandez and Y. Hernández Jiménez and R. Herrberg and G. Herten and R. Hertenberger and L. Hervas and G.G. Hesketh and N.P. Hessey and E. Higón-Rodriguez and J.C. Hill and K.H. Hiller and S. Hillert and S.J. Hillier and I. Hinchliffe and E. Hines and M. Hirose and F. Hirsch and D. Hirschbuehl and J. Hobbs and N. Hod and M.C. Hodgkinson and P. Hodgson and A. Hoecker and M.R. Hoeferkamp and J. Hoffman and D. Hoffmann and M. Hohlfeld and M. Holder and S.O. Holmgren and T. Holy and J.L. Holzbauer and T.M. Hong and L. Hooft van Huysduynen and S. Horner and J.-Y. Hostachy and S. Hou and A. Hoummada and J. Howard and J. Howarth and I. Hristova and J. Hrivnac and T. Hrynʼova and P.J. Hsu and S.-C. Hsu and D. Hu and Z. Hubacek and F. Hubaut and F. Huegging and A. Huettmann and T.B. Huffman and E.W. Hughes and G. Hughes and M. Huhtinen and M. Hurwitz and N. Huseynov and J. Huston and J. Huth and G. Iacobucci and G. Iakovidis and M. Ibbotson and I. Ibragimov and L. Iconomidou-Fayard and J. Idarraga and P. Iengo and O. Igonkina and Y. Ikegami and M. Ikeno and D. Iliadis and N. Ilic and T. Ince and J. Inigo-Golfin and P. Ioannou and M. Iodice and K. Iordanidou and V. Ippolito and A. Irles Quiles and C. Isaksson and M. Ishino and M. Ishitsuka and R. Ishmukhametov and C. Issever and S. Istin and A.V. Ivashin and W. Iwanski and H. Iwasaki and J.M. Izen and V. Izzo and B. Jackson and J.N. Jackson and P. Jackson and M.R. Jaekel and V. Jain and K. Jakobs and S. Jakobsen and T. Jakoubek and J. Jakubek and D.O. Jamin and D.K. Jana and E. Jansen and H. Jansen and A. Jantsch and M. Janus and G. Jarlskog and L. Jeanty and I. Jen-La Plante and D. Jennens and P. Jenni and A.E. Loevschall-Jensen and P. Jež and S. Jézéquel and M.K. Jha and H. Ji and W. Ji and J. Jia and Y. Jiang and M. Jimenez Belenguer and S. Jin and O. Jinnouchi and M.D. Joergensen and D. Joffe and M. Johansen and K.E. Johansson and P. Johansson and S. Johnert and K.A. Johns and K. Jon-And and G. Jones and R.W.L. Jones and T.J. Jones and C. Joram and P.M. Jorge and K.D. Joshi and J. Jovicevic and T. Jovin and X. Ju and C.A. Jung and R.M. Jungst and V. Juranek and P. Jussel and A. Juste Rozas and S. Kabana and M. Kaci and A. Kaczmarska and P. Kadlecik and M. Kado and H. Kagan and M. Kagan and E. Kajomovitz and S. Kalinin and L.V. Kalinovskaya and S. Kama and N. Kanaya and M. Kaneda and S. Kaneti and T. Kanno and V.A. Kantserov and J. Kanzaki and B. Kaplan and A. Kapliy and J. Kaplon and D. Kar and M. Karagounis and K. Karakostas and M. Karnevskiy and V. Kartvelishvili and A.N. Karyukhin and L. Kashif and G. Kasieczka and R.D. Kass and A. Kastanas and M. Kataoka and Y. Kataoka and E. Katsoufis and J. Katzy and V. Kaushik and K. Kawagoe and T. Kawamoto and G. Kawamura and M.S. Kayl and S. Kazama and V.A. Kazanin and M.Y. Kazarinov and R. Keeler and P.T. Keener and R. Kehoe and M. Keil and G.D. Kekelidze and J.S. Keller and M. Kenyon and O. Kepka and N. Kerschen and B.P. Kerševan and S. Kersten and K. Kessoku and J. Keung and F. Khalil-zada and H. Khandanyan and A. Khanov and D. Kharchenko and A. Khodinov and A. Khomich and T.J. Khoo and G. Khoriauli and A. Khoroshilov and V. Khovanskiy and E. Khramov and J. Khubua and H. Kim and S.H. Kim and N. Kimura and O. Kind and B.T. King and M. King and R.S.B. King and J. Kirk and A.E. Kiryunin and T. Kishimoto and D. Kisielewska and T. Kitamura and T. Kittelmann and K. Kiuchi and E. Kladiva and M. Klein and U. Klein and K. Kleinknecht and M. Klemetti and A. Klier and P. Klimek and A. Klimentov and R. Klingenberg and J.A. Klinger and E.B. Klinkby and T. Klioutchnikova and P.F. Klok and S. Klous and E.-E. Kluge and T. Kluge and P. Kluit and S. Kluth and E. Kneringer and E.B.F.G. Knoops and A. Knue and B.R. Ko and T. Kobayashi and M. Kobel and M. Kocian and P. Kodys and K. Köneke and A.C. König and S. Koenig and L. Köpke and F. Koetsveld and P. Koevesarki and T. Koffas and E. Koffeman and L.A. Kogan and S. Kohlmann and F. Kohn and Z. Kohout and T. Kohriki and T. Koi and G.M. Kolachev and H. Kolanoski and V. Kolesnikov and I. Koletsou and J. Koll and A.A. Komar and Y. Komori and T. Kondo and T. Kono and A.I. Kononov and R. Konoplich and N. Konstantinidis and R. Kopeliansky and S. Koperny and K. Korcyl and K. Kordas and A. Korn and A. Korol and I. Korolkov and E.V. Korolkova and V.A. Korotkov and O. Kortner and S. Kortner and V.V. Kostyukhin and S. Kotov and V.M. Kotov and A. Kotwal and C. Kourkoumelis and V. Kouskoura and A. Koutsman and R. Kowalewski and T.Z. Kowalski and W. Kozanecki and A.S. Kozhin and V. Kral and V.A. Kramarenko and G. Kramberger and M.W. Krasny and A. Krasznahorkay and J.K. Kraus and S. Kreiss and F. Krejci and J. Kretzschmar and N. Krieger and P. Krieger and K. Kroeninger and H. Kroha and J. Kroll and J. Kroseberg and J. Krstic and U. Kruchonak and H. Krüger and T. Kruker and N. Krumnack and Z.V. Krumshteyn and A. Kruse and T. Kubota and S. Kuday and S. Kuehn and A. Kugel and T. Kuhl and D. Kuhn and V. Kukhtin and Y. Kulchitsky and S. Kuleshov and C. Kummer and M. Kuna and J. Kunkle and A. Kupco and H. Kurashige and M. Kurata and Y.A. Kurochkin and V. Kus and E.S. Kuwertz and M. Kuze and J. Kvita and R. Kwee and A. La Rosa and L. La Rotonda and L. Labarga and J. Labbe and S. Lablak and C. Lacasta and F. Lacava and J. Lacey and H. Lacker and D. Lacour and V.R. Lacuesta and E. Ladygin and R. Lafaye and B. Laforge and T. Lagouri and S. Lai and E. Laisne and M. Lamanna and L. Lambourne and C.L. Lampen and W. Lampl and E. Lancon and U. Landgraf and M.P.J. Landon and V.S. Lang and C. Lange and A.J. Lankford and F. Lanni and K. Lantzsch and S. Laplace and C. Lapoire and J.F. Laporte and T. Lari and A. Larner and M. Lassnig and P. Laurelli and V. Lavorini and W. Lavrijsen and P. Laycock and T. Lazovich and O. Le Dortz and E. Le Guirriec and E. Le Menedeu and T. LeCompte and F. Ledroit-Guillon and H. Lee and J.S.H. Lee and S.C. Lee and L. Lee and M. Lefebvre and M. Legendre and F. Legger and C. Leggett and M. Lehmacher and G. Lehmann Miotto and X. Lei and M.A.L. Leite and R. Leitner and D. Lellouch and B. Lemmer and V. Lendermann and K.J.C. Leney and T. Lenz and G. Lenzen and B. Lenzi and K. Leonhardt and S. Leontsinis and F. Lepold and C. Leroy and J.-R. Lessard and C.G. Lester and C.M. Lester and J. Levêque and D. Levin and L.J. Levinson and A. Lewis and G.H. Lewis and A.M. Leyko and M. Leyton and B. Li and H. Li and H.L. Li and S. Li and X. Li and Z. Liang and H. Liao and B. Liberti and P. Lichard and M. Lichtnecker and K. Lie and W. Liebig and C. Limbach and A. Limosani and M. Limper and S.C. Lin and F. Linde and J.T. Linnemann and E. Lipeles and A. Lipniacka and T.M. Liss and D. Lissauer and A. Lister and A.M. Litke and C. Liu and D. Liu and H. Liu and J.B. Liu and K. Liu and L. Liu and M. Liu and Y. Liu and M. Livan and S.S.A. Livermore and A. Lleres and J. Llorente Merino and S.L. Lloyd and E. Lobodzinska and P. Loch and W.S. Lockman and T. Loddenkoetter and F.K. Loebinger and A. Loginov and C.W. Loh and T. Lohse and K. Lohwasser and M. Lokajicek and V.P. Lombardo and J.D. Long and R.E. Long and L. Lopes and D. Lopez Mateos and J. Lorenz and N. Lorenzo Martinez and M. Losada and P. Loscutoff and F. Lo Sterzo and M.J. Losty and X. Lou and A. Lounis and K.F. Loureiro and J. Love and P.A. Love and A.J. Lowe and F. Lu and H.J. Lubatti and C. Luci and A. Lucotte and A. Ludwig and D. Ludwig and I. Ludwig and J. Ludwig and F. Luehring and G. Luijckx and W. Lukas and L. Luminari and E. Lund and B. Lund-Jensen and B. Lundberg and J. Lundberg and O. Lundberg and J. Lundquist and M. Lungwitz and D. Lynn and E. Lytken and H. Ma and L.L. Ma and G. Maccarrone and A. Macchiolo and B. Maček and J. Machado Miguens and R. Mackeprang and R.J. Madaras and H.J. Maddocks and W.F. Mader and R. Maenner and T. Maeno and P. Mättig and S. Mättig and L. Magnoni and E. Magradze and K. Mahboubi and J. Mahlstedt and S. Mahmoud and G. Mahout and C. Maiani and C. Maidantchik and A. Maio and S. Majewski and Y. Makida and N. Makovec and P. Mal and B. Malaescu and Pa. Malecki and P. Malecki and V.P. Maleev and F. Malek and U. Mallik and D. Malon and C. Malone and S. Maltezos and V. Malyshev and S. Malyukov and R. Mameghani and J. Mamuzic and A. Manabe and L. Mandelli and I. Mandić and R. Mandrysch and J. Maneira and A. Manfredini and P.S. Mangeard and L. Manhaes de Andrade Filho and J.A. Manjarres Ramos and A. Mann and P.M. Manning and A. Manousakis-Katsikakis and B. Mansoulie and A. Mapelli and L. Mapelli and L. March and J.F. Marchand and F. Marchese and G. Marchiori and M. Marcisovsky and C.P. Marino and F. Marroquim and Z. Marshall and F.K. Martens and L.F. Marti and S. Marti-Garcia and B. Martin and B. Martin and J.P. Martin and T.A. Martin and V.J. Martin and B. Martin dit Latour and S. Martin-Haugh and M. Martinez and V. Martinez Outschoorn and A.C. Martyniuk and M. Marx and F. Marzano and A. Marzin and L. Masetti and T. Mashimo and R. Mashinistov and J. Masik and A.L. Maslennikov and I. Massa and G. Massaro and N. Massol and P. Mastrandrea and A. Mastroberardino and T. Masubuchi and P. Matricon and H. Matsunaga and T. Matsushita and C. Mattravers and J. Maurer and S.J. Maxfield and A. Mayne and R. Mazini and M. Mazur and L. Mazzaferro and M. Mazzanti and J. Mc Donald and S.P. Mc Kee and A. McCarn and R.L. McCarthy and T.G. McCarthy and N.A. McCubbin and K.W. McFarlane and J.A. Mcfayden and G. Mchedlidze and T. Mclaughlan and S.J. McMahon and R.A. McPherson and A. Meade and J. Mechnich and M. Mechtel and M. Medinnis and R. Meera-Lebbai and T. Meguro and R. Mehdiyev and S. Mehlhase and A. Mehta and K. Meier and B. Meirose and C. Melachrinos and B.R. Mellado Garcia and F. Meloni and L. Mendoza Navas and Z. Meng and A. Mengarelli and S. Menke and E. Meoni and K.M. Mercurio and P. Mermod and L. Merola and C. Meroni and F.S. Merritt and H. Merritt and A. Messina and J. Metcalfe and A.S. Mete and C. Meyer and C. Meyer and J.-P. Meyer and J. Meyer and J. Meyer and T.C. Meyer and S. Michal and L. Micu and R.P. Middleton and S. Migas and L. Mijović and G. Mikenberg and M. Mikestikova and M. Mikuž and D.W. Miller and R.J. Miller and W.J. Mills and C. Mills and A. Milov and D.A. Milstead and D. Milstein and A.A. Minaenko and M. Miñano Moya and I.A. Minashvili and A.I. Mincer and B. Mindur and M. Mineev and Y. Ming and L.M. Mir and G. Mirabelli and J. Mitrevski and V.A. Mitsou and S. Mitsui and P.S. Miyagawa and J.U. Mjörnmark and T. Moa and V. Moeller and K. Mönig and N. Möser and S. Mohapatra and W. Mohr and R. Moles-Valls and A. Molfetas and J. Monk and E. Monnier and J. Montejo Berlingen and F. Monticelli and S. Monzani and R.W. Moore and G.F. Moorhead and C. Mora Herrera and A. Moraes and N. Morange and J. Morel and G. Morello and D. Moreno and M. Moreno Llácer and P. Morettini and M. Morgenstern and M. Morii and A.K. Morley and G. Mornacchi and J.D. Morris and L. Morvaj and H.G. Moser and M. Mosidze and J. Moss and R. Mount and E. Mountricha and S.V. Mouraviev and E.J.W. Moyse and F. Mueller and J. Mueller and K. Mueller and T.A. Müller and T. Mueller and D. Muenstermann and Y. Munwes and W.J. Murray and I. Mussche and E. Musto and A.G. Myagkov and M. Myska and O. Nackenhorst and J. Nadal and K. Nagai and R. Nagai and K. Nagano and A. Nagarkar and Y. Nagasaka and M. Nagel and A.M. Nairz and Y. Nakahama and K. Nakamura and T. Nakamura and I. Nakano and G. Nanava and A. Napier and R. Narayan and M. Nash and T. Nattermann and T. Naumann and G. Navarro and H.A. Neal and P.Yu. Nechaeva and T.J. Neep and A. Negri and G. Negri and M. Negrini and S. Nektarijevic and A. Nelson and T.K. Nelson and S. Nemecek and P. Nemethy and A.A. Nepomuceno and M. Nessi and M.S. Neubauer and M. Neumann and A. Neusiedl and R.M. Neves and P. Nevski and F.M. Newcomer and P.R. Newman and V. Nguyen Thi Hong and R.B. Nickerson and R. Nicolaidou and B. Nicquevert and F. Niedercorn and J. Nielsen and N. Nikiforou and A. Nikiforov and V. Nikolaenko and I. Nikolic-Audit and K. Nikolics and K. Nikolopoulos and H. Nilsen and P. Nilsson and Y. Ninomiya and A. Nisati and R. Nisius and T. Nobe and L. Nodulman and M. Nomachi and I. Nomidis and S. Norberg and M. Nordberg and P.R. Norton and J. Novakova and M. Nozaki and L. Nozka and I.M. Nugent and A.-E. Nuncio-Quiroz and G. Nunes Hanninger and T. Nunnemann and E. Nurse and B.J. OʼBrien and D.C. OʼNeil and V. OʼShea and L.B. Oakes and F.G. Oakham and H. Oberlack and J. Ocariz and A. Ochi and S. Oda and S. Odaka and J. Odier and H. Ogren and A. Oh and S.H. Oh and C.C. Ohm and T. Ohshima and W. Okamura and H. Okawa and Y. Okumura and T. Okuyama and A. Olariu and A.G. Olchevski and S.A. Olivares Pino and M. Oliveira and D. Oliveira Damazio and E. Oliver Garcia and D. Olivito and A. Olszewski and J. Olszowska and A. Onofre and P.U.E. Onyisi and C.J. Oram and M.J. Oreglia and Y. Oren and D. Orestano and N. Orlando and I. Orlov and C. Oropeza Barrera and R.S. Orr and B. Osculati and R. Ospanov and C. Osuna and G. Otero y Garzon and J.P. Ottersbach and M. Ouchrif and E.A. Ouellette and F. Ould-Saada and A. Ouraou and Q. Ouyang and A. Ovcharova and M. Owen and S. Owen and V.E. Ozcan and N. Ozturk and A. Pacheco Pages and C. Padilla Aranda and S. Pagan Griso and E. Paganis and C. Pahl and F. Paige and P. Pais and K. Pajchel and G. Palacino and C.P. Paleari and S. Palestini and D. Pallin and A. Palma and J.D. Palmer and Y.B. Pan and E. Panagiotopoulou and J.G. Panduro Vazquez and P. Pani and N. Panikashvili and S. Panitkin and D. Pantea and A. Papadelis and Th.D. Papadopoulou and A. Paramonov and D. Paredes Hernandez and W. Park and M.A. Parker and F. Parodi and J.A. Parsons and U. Parzefall and S. Pashapour and E. Pasqualucci and S. Passaggio and A. Passeri and F. Pastore and Fr. Pastore and G. Pásztor and S. Pataraia and N. Patel and J.R. Pater and S. Patricelli and T. Pauly and M. Pecsy and S. Pedraza Lopez and M.I. Pedraza Morales and S.V. Peleganchuk and D. Pelikan and H. Peng and B. Penning and A. Penson and J. Penwell and M. Perantoni and K. Perez and T. Perez Cavalcanti and E. Perez Codina and M.T. Pérez García-Estañ and V. Perez Reale and L. Perini and H. Pernegger and R. Perrino and P. Perrodo and V.D. Peshekhonov and K. Peters and B.A. Petersen and J. Petersen and T.C. Petersen and E. Petit and A. Petridis and C. Petridou and E. Petrolo and F. Petrucci and D. Petschull and M. Petteni and R. Pezoa and A. Phan and P.W. Phillips and G. Piacquadio and A. Picazio and E. Piccaro and M. Piccinini and S.M. Piec and R. Piegaia and D.T. Pignotti and J.E. Pilcher and A.D. Pilkington and J. Pina and M. Pinamonti and A. Pinder and J.L. Pinfold and B. Pinto and C. Pizio and M. Plamondon and M.-A. Pleier and E. Plotnikova and A. Poblaguev and S. Poddar and F. Podlyski and L. Poggioli and D. Pohl and M. Pohl and G. Polesello and A. Policicchio and R. Polifka and A. Polini and J. Poll and V. Polychronakos and D. Pomeroy and K. Pommès and L. Pontecorvo and B.G. Pope and G.A. Popeneciu and D.S. Popovic and A. Poppleton and X. Portell Bueso and G.E. Pospelov and S. Pospisil and I.N. Potrap and C.J. Potter and C.T. Potter and G. Poulard and J. Poveda and V. Pozdnyakov and R. Prabhu and P. Pralavorio and A. Pranko and S. Prasad and R. Pravahan and S. Prell and K. Pretzl and D. Price and J. Price and L.E. Price and D. Prieur and M. Primavera and K. Prokofiev and F. Prokoshin and S. Protopopescu and J. Proudfoot and X. Prudent and M. Przybycien and H. Przysiezniak and S. Psoroulas and E. Ptacek and E. Pueschel and J. Purdham and M. Purohit and P. Puzo and Y. Pylypchenko and J. Qian and A. Quadt and D.R. Quarrie and W.B. Quayle and F. Quinonez and M. Raas and S. Raddum and V. Radeka and V. Radescu and P. Radloff and T. Rador and F. Ragusa and G. Rahal and A.M. Rahimi and D. Rahm and S. Rajagopalan and M. Rammensee and M. Rammes and A.S. Randle-Conde and K. Randrianarivony and F. Rauscher and T.C. Rave and M. Raymond and A.L. Read and D.M. Rebuzzi and A. Redelbach and G. Redlinger and R. Reece and K. Reeves and E. Reinherz-Aronis and A. Reinsch and I. Reisinger and C. Rembser and Z.L. Ren and A. Renaud and M. Rescigno and S. Resconi and B. Resende and P. Reznicek and R. Rezvani and R. Richter and E. Richter-Was and M. Ridel and M. Rijpstra and M. Rijssenbeek and A. Rimoldi and L. Rinaldi and R.R. Rios and I. Riu and G. Rivoltella and F. Rizatdinova and E. Rizvi and S.H. Robertson and A. Robichaud-Veronneau and D. Robinson and J.E.M. Robinson and A. Robson and J.G. Rocha de Lima and C. Roda and D. Roda Dos Santos and A. Roe and S. Roe and O. Røhne and S. Rolli and A. Romaniouk and M. Romano and G. Romeo and E. Romero Adam and N. Rompotis and L. Roos and E. Ros and S. Rosati and K. Rosbach and A. Rose and M. Rose and G.A. Rosenbaum and E.I. Rosenberg and P.L. Rosendahl and O. Rosenthal and L. Rosselet and V. Rossetti and E. Rossi and L.P. Rossi and M. Rotaru and I. Roth and J. Rothberg and D. Rousseau and C.R. Royon and A. Rozanov and Y. Rozen and X. Ruan and F. Rubbo and I. Rubinskiy and N. Ruckstuhl and V.I. Rud and C. Rudolph and G. Rudolph and F. Rühr and A. Ruiz-Martinez and L. Rumyantsev and Z. Rurikova and N.A. Rusakovich and J.P. Rutherfoord and P. Ruzicka and Y.F. Ryabov and M. Rybar and G. Rybkin and N.C. Ryder and A.F. Saavedra and I. Sadeh and H.F.-W. Sadrozinski and R. Sadykov and F. Safai Tehrani and H. Sakamoto and G. Salamanna and A. Salamon and M. Saleem and D. Salek and D. Salihagic and A. Salnikov and J. Salt and B.M. Salvachua Ferrando and D. Salvatore and F. Salvatore and A. Salvucci and A. Salzburger and D. Sampsonidis and B.H. Samset and A. Sanchez and V. Sanchez Martinez and H. Sandaker and H.G. Sander and M.P. Sanders and M. Sandhoff and T. Sandoval and C. Sandoval and R. Sandstroem and D.P.C. Sankey and A. Sansoni and C. Santamarina Rios and C. Santoni and R. Santonico and H. Santos and J.G. Saraiva and T. Sarangi and E. Sarkisyan-Grinbaum and F. Sarri and G. Sartisohn and O. Sasaki and Y. Sasaki and N. Sasao and I. Satsounkevitch and G. Sauvage and E. Sauvan and J.B. Sauvan and P. Savard and V. Savinov and D.O. Savu and L. Sawyer and D.H. Saxon and J. Saxon and C. Sbarra and A. Sbrizzi and D.A. Scannicchio and M. Scarcella and J. Schaarschmidt and P. Schacht and D. Schaefer and U. Schäfer and A. Schaelicke and S. Schaepe and S. Schaetzel and A.C. Schaffer and D. Schaile and R.D. Schamberger and A.G. Schamov and V. Scharf and V.A. Schegelsky and D. Scheirich and M. Schernau and M.I. Scherzer and C. Schiavi and J. Schieck and M. Schioppa and S. Schlenker and P. Schmid and E. Schmidt and K. Schmieden and C. Schmitt and S. Schmitt and M. Schmitz and B. Schneider and U. Schnoor and L. Schoeffel and A. Schoening and A.L.S. Schorlemmer and M. Schott and D. Schouten and J. Schovancova and M. Schram and C. Schroeder and N. Schroer and M.J. Schultens and J. Schultes and H.-C. Schultz-Coulon and H. Schulz and M. Schumacher and B.A. Schumm and Ph. Schune and C. Schwanenberger and A. Schwartzman and Ph. Schwegler and Ph. Schwemling and R. Schwienhorst and R. Schwierz and J. Schwindling and T. Schwindt and M. Schwoerer and G. Sciolla and W.G. Scott and J. Searcy and G. Sedov and E. Sedykh and S.C. Seidel and A. Seiden and F. Seifert and J.M. Seixas and G. Sekhniaidze and S.J. Sekula and K.E. Selbach and D.M. Seliverstov and B. Sellden and G. Sellers and M. Seman and N. Semprini-Cesari and C. Serfon and L. Serin and L. Serkin and R. Seuster and H. Severini and A. Sfyrla and E. Shabalina and M. Shamim and L.Y. Shan and J.T. Shank and Q.T. Shao and M. Shapiro and P.B. Shatalov and K. Shaw and D. Sherman and P. Sherwood and S. Shimizu and M. Shimojima and T. Shin and M. Shiyakova and A. Shmeleva and M.J. Shochet and D. Short and S. Shrestha and E. Shulga and M.A. Shupe and P. Sicho and A. Sidoti and F. Siegert and Dj. Sijacki and O. Silbert and J. Silva and Y. Silver and D. Silverstein and S.B. Silverstein and V. Simak and O. Simard and Lj. Simic and S. Simion and E. Simioni and B. Simmons and R. Simoniello and M. Simonyan and P. Sinervo and N.B. Sinev and V. Sipica and G. Siragusa and A. Sircar and A.N. Sisakyan and S.Yu. Sivoklokov and J. Sjölin and T.B. Sjursen and L.A. Skinnari and H.P. Skottowe and K. Skovpen and P. Skubic and M. Slater and T. Slavicek and K. Sliwa and V. Smakhtin and B.H. Smart and L. Smestad and S.Yu. Smirnov and Y. Smirnov and L.N. Smirnova and O. Smirnova and B.C. Smith and D. Smith and K.M. Smith and M. Smizanska and K. Smolek and A.A. Snesarev and S.W. Snow and J. Snow and S. Snyder and R. Sobie and J. Sodomka and A. Soffer and C.A. Solans and M. Solar and J. Solc and E.Yu. Soldatov and U. Soldevila and E. Solfaroli Camillocci and A.A. Solodkov and O.V. Solovyanov and V. Solovyev and N. Soni and V. Sopko and B. Sopko and M. Sosebee and R. Soualah and A. Soukharev and S. Spagnolo and F. Spanò and W.R. Spearman and R. Spighi and G. Spigo and R. Spiwoks and M. Spousta and T. Spreitzer and B. Spurlock and R.D. St. Denis and J. Stahlman and R. Stamen and E. Stanecka and R.W. Stanek and C. Stanescu and M. Stanescu-Bellu and M.M. Stanitzki and S. Stapnes and E.A. Starchenko and J. Stark and P. Staroba and P. Starovoitov and R. Staszewski and A. Staude and P. Stavina and G. Steele and P. Steinbach and P. Steinberg and I. Stekl and B. Stelzer and H.J. Stelzer and O. Stelzer-Chilton and H. Stenzel and S. Stern and G.A. Stewart and J.A. Stillings and M.C. Stockton and K. Stoerig and G. Stoicea and S. Stonjek and P. Strachota and A.R. Stradling and A. Straessner and J. Strandberg and S. Strandberg and A. Strandlie and M. Strang and E. Strauss and M. Strauss and P. Strizenec and R. Ströhmer and D.M. Strom and J.A. Strong and R. Stroynowski and B. Stugu and I. Stumer and J. Stupak and P. Sturm and N.A. Styles and D.A. Soh and D. Su and HS. Subramania and R. Subramaniam and A. Succurro and Y. Sugaya and C. Suhr and M. Suk and V.V. Sulin and S. Sultansoy and T. Sumida and X. Sun and J.E. Sundermann and K. Suruliz and G. Susinno and M.R. Sutton and Y. Suzuki and Y. Suzuki and M. Svatos and S. Swedish and I. Sykora and T. Sykora and J. Sánchez and D. Ta and K. Tackmann and A. Taffard and R. Tafirout and N. Taiblum and Y. Takahashi and H. Takai and R. Takashima and H. Takeda and T. Takeshita and Y. Takubo and M. Talby and A. Talyshev and M.C. Tamsett and K.G. Tan and J. Tanaka and R. Tanaka and S. Tanaka and S. Tanaka and A.J. Tanasijczuk and K. Tani and N. Tannoury and S. Tapprogge and D. Tardif and S. Tarem and F. Tarrade and G.F. Tartarelli and P. Tas and M. Tasevsky and E. Tassi and M. Tatarkhanov and Y. Tayalati and C. Taylor and F.E. Taylor and G.N. Taylor and W. Taylor and M. Teinturier and F.A. Teischinger and M. Teixeira Dias Castanheira and P. Teixeira-Dias and K.K. Temming and H. Ten Kate and P.K. Teng and S. Terada and K. Terashi and J. Terron and M. Testa and R.J. Teuscher and J. Therhaag and T. Theveneaux-Pelzer and S. Thoma and J.P. Thomas and E.N. Thompson and P.D. Thompson and P.D. Thompson and A.S. Thompson and L.A. Thomsen and E. Thomson and M. Thomson and W.M. Thong and R.P. Thun and F. Tian and M.J. Tibbetts and T. Tic and V.O. Tikhomirov and Y.A. Tikhonov and S. Timoshenko and E. Tiouchichine and P. Tipton and S. Tisserant and T. Todorov and S. Todorova-Nova and B. Toggerson and J. Tojo and S. Tokár and K. Tokushuku and K. Tollefson and M. Tomoto and L. Tompkins and K. Toms and A. Tonoyan and C. Topfel and N.D. Topilin and I. Torchiani and E. Torrence and H. Torres and E. Torró Pastor and J. Toth and F. Touchard and D.R. Tovey and T. Trefzger and L. Tremblet and A. Tricoli and I.M. Trigger and G. Trilling and S. Trincaz-Duvoid and M.F. Tripiana and N. Triplett and W. Trischuk and B. Trocmé and C. Troncon and M. Trottier-McDonald and M. Trzebinski and A. Trzupek and C. Tsarouchas and J.C.-L. Tseng and M. Tsiakiris and P.V. Tsiareshka and D. Tsionou and G. Tsipolitis and S. Tsiskaridze and V. Tsiskaridze and E.G. Tskhadadze and I.I. Tsukerman and V. Tsulaia and J.-W. Tsung and S. Tsuno and D. Tsybychev and A. Tua and A. Tudorache and V. Tudorache and J.M. Tuggle and M. Turala and D. Turecek and I. Turk Cakir and E. Turlay and R. Turra and P.M. Tuts and A. Tykhonov and M. Tylmad and M. Tyndel and G. Tzanakos and K. Uchida and I. Ueda and R. Ueno and M. Ugland and M. Uhlenbrock and M. Uhrmacher and F. Ukegawa and G. Unal and A. Undrus and G. Unel and Y. Unno and D. Urbaniec and P. Urquijo and G. Usai and M. Uslenghi and L. Vacavant and V. Vacek and B. Vachon and S. Vahsen and J. Valenta and S. Valentinetti and A. Valero and S. Valkar and E. Valladolid Gallego and S. Vallecorsa and J.A. Valls Ferrer and R. Van Berg and P.C. Van Der Deijl and R. van der Geer and H. van der Graaf and R. Van Der Leeuw and E. van der Poel and D. van der Ster and N. van Eldik and P. van Gemmeren and I. van Vulpen and M. Vanadia and W. Vandelli and R. Vanguri and A. Vaniachine and P. Vankov and F. Vannucci and R. Vari and T. Varol and D. Varouchas and A. Vartapetian and K.E. Varvell and V.I. Vassilakopoulos and F. Vazeille and T. Vazquez Schroeder and G. Vegni and J.J. Veillet and F. Veloso and R. Veness and S. Veneziano and A. Ventura and D. Ventura and M. Venturi and N. Venturi and V. Vercesi and M. Verducci and W. Verkerke and J.C. Vermeulen and A. Vest and M.C. Vetterli and I. Vichou and T. Vickey and O.E. Vickey Boeriu and G.H.A. Viehhauser and S. Viel and M. Villa and M. Villaplana Perez and E. Vilucchi and M.G. Vincter and E. Vinek and V.B. Vinogradov and M. Virchaux and J. Virzi and O. Vitells and M. Viti and I. Vivarelli and F. Vives Vaque and S. Vlachos and D. Vladoiu and M. Vlasak and A. Vogel and P. Vokac and G. Volpi and M. Volpi and G. Volpini and H. von der Schmitt and H. von Radziewski and E. von Toerne and V. Vorobel and V. Vorwerk and M. Vos and R. Voss and T.T. Voss and J.H. Vossebeld and N. Vranjes and M. Vranjes Milosavljevic and V. Vrba and M. Vreeswijk and T. Vu Anh and R. Vuillermet and I. Vukotic and W. Wagner and P. Wagner and H. Wahlen and S. Wahrmund and J. Wakabayashi and S. Walch and J. Walder and R. Walker and W. Walkowiak and R. Wall and P. Waller and B. Walsh and C. Wang and F. Wang and H. Wang and H. Wang and J. Wang and J. Wang and R. Wang and S.M. Wang and T. Wang and A. Warburton and C.P. Ward and D.R. Wardrope and M. Warsinsky and A. Washbrook and C. Wasicki and I. Watanabe and P.M. Watkins and A.T. Watson and I.J. Watson and M.F. Watson and G. Watts and S. Watts and A.T. Waugh and B.M. Waugh and M.S. Weber and P. Weber and J.S. Webster and A.R. Weidberg and P. Weigell and J. Weingarten and C. Weiser and P.S. Wells and T. Wenaus and D. Wendland and Z. Weng and T. Wengler and S. Wenig and N. Wermes and M. Werner and P. Werner and M. Werth and M. Wessels and J. Wetter and C. Weydert and K. Whalen and S.J. Wheeler-Ellis and A. White and M.J. White and S. White and S.R. Whitehead and D. Whiteson and D. Whittington and F. Wicek and D. Wicke and F.J. Wickens and W. Wiedenmann and M. Wielers and P. Wienemann and C. Wiglesworth and L.A.M. Wiik-Fuchs and P.A. Wijeratne and A. Wildauer and M.A. Wildt and I. Wilhelm and H.G. Wilkens and J.Z. Will and E. Williams and H.H. Williams and W. Willis and S. Willocq and J.A. Wilson and M.G. Wilson and A. Wilson and I. Wingerter-Seez and S. Winkelmann and F. Winklmeier and M. Wittgen and S.J. Wollstadt and M.W. Wolter and H. Wolters and W.C. Wong and G. Wooden and B.K. Wosiek and J. Wotschack and M.J. Woudstra and K.W. Wozniak and K. Wraight and M. Wright and B. Wrona and S.L. Wu and X. Wu and Y. Wu and E. Wulf and B.M. Wynne and S. Xella and M. Xiao and S. Xie and C. Xu and D. Xu and B. Yabsley and S. Yacoob and M. Yamada and H. Yamaguchi and Y. Yamaguchi and A. Yamamoto and K. Yamamoto and S. Yamamoto and T. Yamamura and T. Yamanaka and T. Yamazaki and Y. Yamazaki and Z. Yan and H. Yang and H. Yang and U.K. Yang and Y. Yang and Z. Yang and S. Yanush and L. Yao and Y. Yao and Y. Yasu and G.V. Ybeles Smit and J. Ye and S. Ye and M. Yilmaz and R. Yoosoofmiya and K. Yorita and R. Yoshida and K. Yoshihara and C. Young and C.J. Young and S. Youssef and D. Yu and J. Yu and J. Yu and L. Yuan and A. Yurkewicz and M. Byszewski and B. Zabinski and R. Zaidan and A.M. Zaitsev and Z. Zajacova and L. Zanello and D. Zanzi and A. Zaytsev and C. Zeitnitz and M. Zeman and A. Zemla and C. Zendler and O. Zenin and T. Ženiš and Z. Zinonos and D. Zerwas and G. Zevi della Porta and D. Zhang and H. Zhang and J. Zhang and X. Zhang and Z. Zhang and L. Zhao and Z. Zhao and A. Zhemchugov and J. Zhong and B. Zhou and N. Zhou and Y. Zhou and C.G. Zhu and H. Zhu and J. Zhu and Y. Zhu and X. Zhuang and V. Zhuravlov and D. Zieminska and N.I. Zimin and R. Zimmermann and S. Zimmermann and S. Zimmermann and M. Ziolkowski and R. Zitoun and L. Živković and V.V. Zmouchko and G. Zobernig and A. Zoccoli and M. zur Nedden and V. Zutshi and L. Zwalinski},
  doi          = {http://dx.doi.org/10.1016/j.physletb.2012.08.020},
  issn         = {0370-2693},
  journaltitle = {Physics Letters B},
  note         = {},
  number       = {1},
  pages        = {1 - 29},
  title        = {Observation of a new particle in the search for the Standard Model Higgs boson with the \{ATLAS\} detector at the \{LHC\}},
  url          = {http://www.sciencedirect.com/science/article/pii/S037026931200857X},
  volume       = {716},
  year         = {2012},
}

@article{higgsdiscovery_cms2012,
  author       = {S. Chatrchyan and V. Khachatryan and A.M. Sirunyan and A. Tumasyan and W. Adam and E. Aguilo and T. Bergauer and M. Dragicevic and J. Erö and C. Fabjan and M. Friedl and R. Frühwirth and V.M. Ghete and J. Hammer and M. Hoch and N. Hörmann and J. Hrubec and M. Jeitler and W. Kiesenhofer and V. Knünz and M. Krammer and I. Krätschmer and D. Liko and W. Majerotto and I. Mikulec and M. Pernicka and B. Rahbaran and C. Rohringer and H. Rohringer and R. Schöfbeck and J. Strauss and F. Szoncsó and A. Taurok and W. Waltenberger and G. Walzel and E. Widl and C.-E. Wulz and V. Chekhovsky and I. Emeliantchik and A. Litomin and V. Makarenko and V. Mossolov and N. Shumeiko and A. Solin and R. Stefanovitch and J. Suarez Gonzalez and A. Fedorov and M. Korzhik and O. Missevitch and R. Zuyeuski and M. Bansal and S. Bansal and W. Beaumont and T. Cornelis and E.A. De Wolf and D. Druzhkin and X. Janssen and S. Luyckx and L. Mucibello and S. Ochesanu and B. Roland and R. Rougny and M. Selvaggi and Z. Staykova and H. Van Haevermaet and P. Van Mechelen and N. Van Remortel and A. Van Spilbeeck and F. Blekman and S. Blyweert and J. DʼHondt and O. Devroede and R. Gonzalez Suarez and R. Goorens and A. Kalogeropoulos and M. Maes and A. Olbrechts and S. Tavernier and W. Van Doninck and L. Van Lancker and P. Van Mulders and G.P. Van Onsem and I. Villella and B. Clerbaux and G. De Lentdecker and V. Dero and J.P. Dewulf and A.P.R. Gay and T. Hreus and A. Léonard and P.E. Marage and A. Mohammadi and T. Reis and S. Rugovac and L. Thomas and C. Vander Velde and P. Vanlaer and J. Wang and J. Wickens and V. Adler and K. Beernaert and A. Cimmino and S. Costantini and G. Garcia and M. Grunewald and B. Klein and J. Lellouch and A. Marinov and J. Mccartin and A.A. Ocampo Rios and D. Ryckbosch and N. Strobbe and F. Thyssen and M. Tytgat and S. Walsh and E. Yazgan and N. Zaganidis and S. Basegmez and G. Bruno and R. Castello and L. Ceard and J. De Favereau De Jeneret and C. Delaere and P. Demin and T. du Pree and D. Favart and L. Forthomme and A. Giammanco and G. Grégoire and J. Hollar and V. Lemaitre and J. Liao and O. Militaru and C. Nuttens and D. Pagano and A. Pin and K. Piotrzkowski and N. Schul and J.M. Vizan Garcia and N. Beliy and T. Caebergs and E. Daubie and G.H. Hammad and G.A. Alves and L. Brito and M. Correa Martin Junior and T. Martins and M.E. Pol and M.H.G. Souza and W.L. Aldá Júnior and W. Carvalho and A. Custódio and E.M. Da Costa and D. De Jesus Damiao and C. De Oliveira Martins and S. Fonseca De Souza and D. Matos Figueiredo and L. Mundim and H. Nogima and V. Oguri and W.L. Prado Da Silva and A. Santoro and A. Sznajder and A. Vilela Pereira and T.S. Anjos and C.A. Bernardes and F.A. Dias and T.R. Fernandez Perez Tomei and E.M. Gregores and R.L. Iope and C. Lagana and S.M. Lietti and F. Marinho and P.G. Mercadante and S.F. Novaes and Sandra S. Padula and L. Dimitrov and V. Genchev and P. Iaydjiev and S. Piperov and M. Rodozov and S. Stoykova and G. Sultanov and V. Tcholakov and R. Trayanov and I. Vankov and M. Vutova and C. Roumenin and D. Uzunova and R. Zahariev and A. Dimitrov and R. Hadjiiska and V. Kozhuharov and L. Litov and B. Pavlov and P. Petkov and J.G. Bian and G.M. Chen and H.S. Chen and K.L. He and C.H. Jiang and W.G. Li and D. Liang and S. Liang and X. Meng and G. Sun and H.S. Sun and J. Tao and J. Wang and X. Wang and Z. Wang and H. Xiao and M. Xu and M. Yang and J. Zang and X. Zhang and Z. Zhang and Z. Zhang and W.R. Zhao and Z. Zhu and C. Asawatangtrakuldee and Y. Ban and J. Cai and S. Guo and Y. Guo and W. Li and H.T. Liu and S. Liu and Y. Mao and S.J. Qian and H. Teng and D. Wang and Y.L. Ye and L. Zhang and B. Zhu and W. Zou and C. Avila and J.P. Gomez and B. Gomez Moreno and A.F. Osorio Oliveros and J.C. Sanabria and N. Godinovic and D. Lelas and R. Plestina and D. Polic and I. Puljak and Z. Antunovic and M. Kovac and V. Brigljevic and S. Duric and K. Kadija and J. Luetic and S. Morovic and A. Attikis and M. Galanti and G. Mavromanolakis and J. Mousa and C. Nicolaou and F. Ptochos and P.A. Razis and M. Finger and M. Finger Jr. and A. Aly and Y. Assran and A. Awad and S. Elgammal and A. Ellithi Kamel and S. Khalil and M.A. Mahmoud and A. Mahrous and A. Radi and A. Hektor and M. Kadastik and K. Kannike and M. Müntel and M. Raidal and L. Rebane and A. Strumia and A. Tiko and P. Eerola and G. Fedi and M. Voutilainen and E. Anttila and J. Härkönen and A. Heikkinen and V. Karimäki and H.M. Katajisto and R. Kinnunen and M.J. Kortelainen and M. Kotamäki and T. Lampén and K. Lassila-Perini and S. Lehti and T. Lindén and P. Luukka and T. Mäenpää and T. Peltola and E. Tuominen and J. Tuominiemi and E. Tuovinen and D. Ungaro and T.P. Vanhala and L. Wendland and K. Banzuzi and A. Karjalainen and A. Korpela and T. Tuuva and M. Anfreville and M. Besancon and S. Choudhury and M. Dejardin and D. Denegri and B. Fabbro and J.L. Faure and F. Ferri and S. Ganjour and F.X. Gentit and A. Givernaud and P. Gras and G. Hamel de Monchenault and P. Jarry and F. Kircher and M.C. Lemaire and E. Locci and J. Malcles and I. Mandjavidze and A. Nayak and J.P. Pansart and J. Rander and J.M. Reymond and A. Rosowsky and I. Shreyber and M. Titov and P. Verrecchia and J. Badier and S. Baffioni and F. Beaudette and E. Becheva and L. Benhabib and L. Bianchini and M. Bluj and C. Broutin and P. Busson and M. Cerutti and D. Chamont and C. Charlot and N. Daci and T. Dahms and M. Dalchenko and L. Dobrzynski and Y. Geerebaert and R. Granier de Cassagnac and M. Haguenauer and P. Hennion and G. Milleret and P. Miné and C. Mironov and I.N. Naranjo and M. Nguyen and C. Ochando and P. Paganini and T. Romanteau and D. Sabes and R. Salerno and A. Sartirana and Y. Sirois and C. Thiebaux and C. Veelken and A. Zabi and J.-L. Agram and J. Andrea and A. Besson and D. Bloch and D. Bodin and J.-M. Brom and M. Cardaci and E.C. Chabert and C. Collard and E. Conte and F. Drouhin and C. Ferro and J.-C. Fontaine and D. Gelé and U. Goerlach and C. Goetzmann and L. Gross and D. Huss and P. Juillot and E. Kieffer and A.-C. Le Bihan and J. Pansanel and Y. Patois and P. Van Hove and D. Boutigny and D. Mercier and G. Baulieu and S. Beauceron and N. Beaupere and M. Bedjidian and O. Bondu and G. Boudoul and S. Brochet and J. Chasserat and R. Chierici and C. Combaret and D. Contardo and P. Depasse and H. El Mamouni and J. Fay and S. Gascon and N. Giraud and M. Gouzevitch and R. Haroutunian and B. Ille and T. Kurca and M. Lethuillier and N. Lumb and H. Mathez and L. Mirabito and S. Perries and L. Sgandurra and V. Sordini and Y. Tschudi and M. Vander Donckt and P. Verdier and S. Viret and V. Roinishvili and L. Rurua and N. Amaglobeli and I. Bagaturia and B. Chiladze and R. Kvatadze and D. Lomidze and R. Shanidze and Z. Tsamalaidze and R. Adolphi and G. Anagnostou and C. Autermann and S. Beranek and R. Brauer and W. Braunschweig and B. Calpas and M. Edelhoff and L. Feld and N. Heracleous and O. Hindrichs and R. Jussen and W. Karpinski and K. Klein and K. Lübelsmeyer and J. Merz and A. Ostapchuk and D. Pandoulas and A. Perieanu and F. Raupach and J. Sammet and S. Schael and D. Schmitz and A. Schultz von Dratzig and R. Siedling and D. Sprenger and H. Weber and B. Wittmer and M. Wlochal and V. Zhukov and M. Ata and P. Biallass and J. Caudron and E. Dietz-Laursonn and D. Duchardt and M. Erdmann and R. Fischer and A. Güth and T. Hebbeker and C. Heidemann and G. Hilgers and K. Hoepfner and C. Hof and T. Klimkovich and D. Klingebiel and P. Kreuzer and C. Magass and M. Merschmeyer and A. Meyer and M. Olschewski and P. Papacz and B. Philipps and H. Pieta and H. Reithler and S.A. Schmitz and L. Sonnenschein and M. Sowa and J. Steggemann and D. Teyssier and M. Weber and M. Bontenackels and V. Cherepanov and Y. Erdogan and G. Flügge and H. Geenen and M. Geisler and W. Haj Ahmad and F. Hoehle and B. Kargoll and T. Kress and Y. Kuessel and J. Lingemann and A. Nowack and L. Perchalla and O. Pooth and P. Sauerland and A. Stahl and M.H. Zoeller and M. Aldaya Martin and J. Behr and W. Behrenhoff and U. Behrens and M. Bergholz and A. Bethani and K. Borras and A. Burgmeier and A. Cakir and L. Calligaris and A. Campbell and E. Castro and F. Costanza and D. Dammann and C. Diez Pardos and G. Eckerlin and D. Eckstein and A. Flossdorf and G. Flucke and A. Geiser and I. Glushkov and P. Goettlicher and A. Grebenyuk and P. Gunnellini and S. Habib and J. Hauk and G. Hellwig and H. Jung and M. Kasemann and P. Katsas and C. Kleinwort and H. Kluge and A. Knutsson and M. Krämer and D. Krücker and E. Kuznetsova and W. Lange and B. Lewendel and W. Lohmann and B. Lutz and R. Mankel and I. Marfin and M. Marienfeld and I.-A. Melzer-Pellmann and A.B. Meyer and J. Mnich and C. Muhl and A. Mussgiller and S. Naumann-Emme and O. Novgorodova and J. Olzem and A. Parenti and H. Perrey and A. Petrukhin and D. Pitzl and A. Raspereza and P.M. Ribeiro Cipriano and C. Riedl and E. Ron and C. Rosemann and M. Rosin and J. Salfeld-Nebgen and R. Schmidt and T. Schoerner-Sadenius and N. Sen and A. Spiridonov and M. Stein and J. Tomaszewska and D. Volyanskyy and R. Walsh and C. Wissing and C. Youngman and V. Blobel and J. Draeger and H. Enderle and J. Erfle and U. Gebbert and M. Görner and T. Hermanns and R.S. Höing and K. Kaschube and G. Kaussen and H. Kirschenmann and R. Klanner and J. Lange and B. Mura and F. Nowak and T. Peiffer and N. Pietsch and D. Rathjens and C. Sander and H. Schettler and P. Schleper and E. Schlieckau and A. Schmidt and M. Schröder and T. Schum and M. Seidel and J. Sibille and V. Sola and H. Stadie and G. Steinbrück and J. Thomsen and L. Vanelderen and C. Barth and J. Bauer and J. Berger and P. Blüm and C. Böser and V. Buege and Z.Y. Chen and S. Chowdhury and T. Chwalek and D. Daeuwel and W. De Boer and A. Descroix and A. Dierlamm and G. Dirkes and M. Fahrer and M. Feindt and U. Felzmann and M. Frey and A. Furgeri and I. Gebauer and A. Gessler and J. Gruschke and M. Guthoff and C. Hackstein and F. Hartmann and F. Hauler and T. Hauth and S. Heier and S.M. Heindl and M. Heinrich and A. Heiss and H. Held and K.H. Hoffmann and S. Honc and U. Husemann and M. Imhof and C. Jung and S. Junghans and I. Katkov and U. Kerzel and D. Knoblauch and J.R. Komaragiri and M. Kräber and T. Kuhr and T. Liamsuwan and P. Lobelle Pardo and D. Martschei and A. Menchikov and X. Mol and D. Mörmann and S. Mueller and Th. Müller and D. Neuberger and M.B. Neuland and M. Niegel and A. Nürnberg and O. Oberst and A. Oehler and T. Ortega Gomez and J. Ott and C. Piasecki and A. Poschlad and G. Quast and K. Rabbertz and F. Ratnikov and N. Ratnikova and M. Renz and S. Röcker and F. Roederer and A. Sabellek and C. Saout and A. Scheurer and D. Schieferdecker and P. Schieferdecker and F.-P. Schilling and M. Schmanau and G. Schott and W. Schwerdtfeger and H.J. Simonis and A. Skiba and F.M. Stober and A. Theel and W.H. Thümmel and D. Troendle and A. Trunov and R. Ulrich and J. Wagner-Kuhr and S. Wayand and M. Weber and T. Weiler and M. Zeise and E.B. Ziebarth and M. Zvada and G. Daskalakis and T. Geralis and S. Kesisoglou and A. Kyriakis and D. Loukas and I. Manolakos and A. Markou and C. Markou and C. Mavrommatis and E. Ntomari and L. Gouskos and A. Panagiotou and N. Saoulidou and I. Evangelou and C. Foudas and P. Kokkas and N. Manthos and I. Papadopoulos and V. Patras and F.A. Triantis and G. Bencze and C. Hajdu and P. Hidas and D. Horvath and F. Sikler and V. Veszpremi and G. Vesztergombi and P. Zalan and N. Beni and S. Czellar and A. Fenyvesi and J. Molnar and J. Palinkas and Z. Szillasi and J. Karancsi and P. Raics and Z.L. Trocsanyi and B. Ujvari and G. Zilizi and S.B. Beri and V. Bhandari and V. Bhatnagar and N. Dhingra and R. Gupta and M. Kaur and J.M. Kohli and M.Z. Mehta and N. Nishu and L.K. Saini and A. Sharma and J.B. Singh and Ashok Kumar and Arun Kumar and S. Ahuja and A. Bhardwaj and S. Chatterji and B.C. Choudhary and P. Gupta and S. Malhotra and M. Naimuddin and K. Ranjan and V. Sharma and R.K. Shivpuri and S. Banerjee and S. Bhattacharya and S. Dutta and B. Gomber and Sa. Jain and Sh. Jain and R. Khurana and S. Sarkar and M. Sharan and A. Abdulsalam and R.K. Choudhury and D. Dutta and M. Ghodgaonkar and S. Kailas and S.K. Kataria and V. Kumar and P. Mehta and A.K. Mohanty and L.M. Pant and P. Shukla and A. Topkar and T. Aziz and S. Chendvankar and P.V. Deshpande and S.N. Ganguli and S. Ganguly and M. Guchait and A. Gurtu and M. Maity and K. Mazumdar and G.B. Mohanty and B. Parida and M.R. Patil and R. Raghavan and K. Sudhakar and N. Wickramage and B.S. Acharya and S. Banerjee and S. Bheesette and S. Dugad and S.D. Kalmani and M.R. Krishnaswamy and V.R. Lakkireddi and N.K. Mondal and V.S. Narasimham and N. Panyam and P. Verma and F. Ardalan and H. Arfaei and H. Bakhshiansohi and S.M. Etesami and A. Fahim and M. Hashemi and A. Jafari and M. Khakzad and M. Mohammadi Najafabadi and S. Paktinat Mehdiabadi and B. Safarzadeh and M. Zeinali and M. Abbrescia and L. Barbone and C. Calabria and S.S. Chhibra and A. Colaleo and D. Creanza and N. De Filippis and M. De Palma and G. De Robertis and G. Donvito and L. Fiore and G. Iaselli and F. Loddo and G. Maggi and M. Maggi and N. Manna and B. Marangelli and S. My and S. Natali and S. Nuzzo and N. Pacifico and A. Pompili and G. Pugliese and A. Ranieri and F. Romano and G. Selvaggi and L. Silvestris and G. Singh and V. Spinoso and R. Venditti and P. Verwilligen and G. Zito and G. Abbiendi and A.C. Benvenuti and D. Bonacorsi and S. Braibant-Giacomelli and L. Brigliadori and P. Capiluppi and A. Castro and F.R. Cavallo and M. Cuffiani and G.M. Dallavalle and F. Fabbri and A. Fanfani and D. Fasanella and P. Giacomelli and C. Grandi and L. Guiducci and S. Marcellini and G. Masetti and M. Meneghelli and A. Montanari and F.L. Navarria and F. Odorici and A. Perrotta and F. Primavera and A.M. Rossi and T. Rovelli and G.P. Siroli and R. Travaglini and S. Albergo and G. Cappello and M. Chiorboli and S. Costa and F. Noto and R. Potenza and M.A. Saizu and A. Tricomi and C. Tuve and G. Barbagli and V. Ciulli and C. Civinini and R. DʼAlessandro and E. Focardi and S. Frosali and E. Gallo and C. Genta and S. Gonzi and M. Meschini and S. Paoletti and G. Parrini and R. Ranieri and G. Sguazzoni and A. Tropiano and L. Benussi and S. Bianco and S. Colafranceschi and F. Fabbri and D. Piccolo and P. Fabbricatore and S. Farinon and M. Greco and R. Musenich and S. Tosi and A. Benaglia and L. Carbone and P. DʼAngelo and F. De Guio and L. Di Matteo and P. Dini and F.M. Farina and S. Fiorendi and S. Gennai and A. Ghezzi and S. Malvezzi and R.A. Manzoni and A. Martelli and A. Massironi and D. Menasce and L. Moroni and P. Negri and M. Paganoni and D. Pedrini and A. Pullia and S. Ragazzi and N. Redaelli and S. Sala and T. Tabarelli de Fatis and S. Buontempo and C.A. Carrillo Montoya and N. Cavallo and A. De Cosa and O. Dogangun and F. Fabozzi and A.O.M. Iorio and L. Lista and S. Meola and M. Merola and P. Paolucci and P. Azzi and N. Bacchetta and M. Bellato and M. Benettoni and M. Biasotto and D. Bisello and A. Branca and R. Carlin and P. Checchia and T. Dorigo and U. Dosselli and F. Fanzago and F. Gasparini and U. Gasparini and P. Giubilato and F. Gonella and A. Gozzelino and M. Gulmini and K. Kanishchev and S. Lacaprara and I. Lazzizzera and M. Loreti and M. Margoni and G. Maron and M. Mazzucato and A.T. Meneguzzo and F. Montecassiano and M. Passaseo and J. Pazzini and M. Pegoraro and N. Pozzobon and P. Ronchese and F. Simonetto and E. Torassa and M. Tosi and S. Vanini and S. Ventura and P. Zotto and G. Zumerle and U. Berzano and M. Gabusi and S.P. Ratti and C. Riccardi and P. Torre and P. Vitulo and M. Biasini and G.M. Bilei and L. Fanò and P. Lariccia and A. Lucaroni and G. Mantovani and M. Menichelli and A. Nappi and D. Passeri and P. Placidi and F. Romeo and A. Saha and A. Santocchia and L. Servoli and A. Spiezia and S. Taroni and M. Valdata and F. Angelini and S. Arezzini and P. Azzurri and G. Bagliesi and A. Basti and R. Bellazzini and J. Bernardini and T. Boccali and F. Bosi and A. Brez and G. Broccolo and F. Calzolari and A. Carboni and R. Castaldi and C. Cerri and A. Ciampa and R.T. DʼAgnolo and R. DellʼOrso and F. Fiori and L. Foà and A. Giassi and S. Giusti and A. Kraan and L. Latronico and F. Ligabue and S. Linari and T. Lomtadze and L. Martini and M. Massa and M.M. Massai and E. Mazzoni and A. Messineo and A. Moggi and F. Palla and F. Raffaelli and A. Rizzi and G. Sanguinetti and G. Segneri and A.T. Serban and P. Spagnolo and G. Spandre and P. Squillacioti and R. Tenchini and G. Tonelli and A. Venturi and P.G. Verdini and S. Baccaro and L. Barone and A. Bartoloni and F. Cavallari and I. Dafinei and D. Del Re and M. Diemoz and C. Fanelli and M. Grassi and E. Longo and P. Meridiani and F. Micheli and S. Nourbakhsh and G. Organtini and R. Paramatti and S. Rahatlou and M. Sigamani and L. Soffi and I.G. Talamo and N. Amapane and R. Arcidiacono and S. Argiro and M. Arneodo and C. Biino and N. Cartiglia and M. Costa and N. Demaria and C. Mariotti and S. Maselli and E. Migliore and V. Monaco and M. Musich and M.M. Obertino and N. Pastrone and M. Pelliccioni and C. Peroni and A. Potenza and A. Romero and M. Ruspa and R. Sacchi and A. Solano and A. Staiano and F. Ambroglini and S. Belforte and V. Candelise and M. Casarsa and F. Cossutti and G. Della Ricca and B. Gobbo and C. Kavka and M. Marone and D. Montanino and A. Penzo and A. Schizzi and T.Y. Kim and S.K. Nam and S. Chang and J. Chung and S.W. Ham and D. Han and J. Kang and D.H. Kim and G.N. Kim and J.E. Kim and K.S. Kim and D.J. Kong and M.W. Lee and Y.D. Oh and H. Park and S.R. Ro and D. Son and D.C. Son and J.S. Suh and J.Y. Kim and Zero J. Kim and S. Song and S. Choi and D. Gyun and B. Hong and M. Jo and Y. Jo and M. Kang and H. Kim and T.J. Kim and K.S. Lee and D.H. Moon and S.K. Park and K.S. Sim and M. Choi and G. Hahn and S. Kang and H. Kim and J.H. Kim and C. Park and I.C. Park and S. Park and G. Ryu and Y. Choi and Y.K. Choi and J. Goh and M.S. Kim and E. Kwon and B. Lee and J. Lee and S. Lee and H. Seo and I. Yu and M. Janulis and A. Juodagalvis and R. Naujikas and H. Castilla-Valdez and E. De La Cruz-Burelo and I. Heredia-de La Cruz and R. Lopez-Fernandez and R. Magaña Villalba and J. Martínez-Ortega and A. Sánchez-Hernández and L.M. Villasenor-Cendejas and S. Carrillo Moreno and F. Vazquez Valencia and H.A. Salazar Ibarguen and E. Casimiro Linares and A. Morelos Pineda and M.A. Reyes-Santos and P. Allfrey and D. Krofcheck and A.J. Bell and N. Bernardino Rodrigues and A.P.H. Butler and P.H. Butler and R. Doesburg and D. Pfeiffer and S. Reucroft and H. Silverwood and J.C. Williams and M. Ahmad and M.H. Ansari and M.I. Asghar and J. Butt and H.R. Hoorani and S. Khalid and W.A. Khan and T. Khurshid and S. Qazi and M.A. Shah and M. Shoaib and H. Bialkowska and B. Boimska and T. Frueboes and R. Gokieli and L. Goscilo and M. Górski and M. Kazana and I.M. Kudla and K. Nawrocki and K. Romanowska-Rybinska and M. Szleper and G. Wrochna and P. Zalewski and G. Brona and K. Bunkowski and M. Cwiok and H. Czyrkowski and R. Dabrowski and W. Dominik and K. Doroba and A. Kalinowski and M. Konecki and J. Krolikowski and W. Oklinski and K. Pozniak and W. Zabolotny and P. Zych and G. Kasprowicz and R. Romaniuk and R. Alemany-Fernandez and N. Almeida and P. Bargassa and A. David and P. Faccioli and P.G. Ferreira Parracho and M. Gallinaro and P.Q. Ribeiro and J. Seixas and J. Silva and J. Varela and P. Vischia and S. Afanasiev and I. Belotelov and P. Bunin and Y. Ershov and M. Gavrilenko and A. Golunov and I. Golutvin and N. Gorbounov and I. Gorbunov and I. Gramenitski and V. Kalagin and A. Kamenev and V. Karjavin and V. Konoplyanikov and V. Korenkov and G. Kozlov and A. Kurenkov and A. Lanev and A. Makankin and A. Malakhov and I. Melnitchenko and V.V. Mitsyn and P. Moisenz and D. Oleynik and A. Orlov and V. Palichik and V. Perelygin and A. Petrosyan and M. Savina and R. Semenov and S. Shmatov and S. Shulha and A. Skachkova and N. Skatchkov and V. Smetannikov and V. Smirnov and D. Smolin and E. Tikhonenko and S. Vasilʼev and A. Volodko and A. Zarubin and V. Zhiltsov and S. Evstyukhin and V. Golovtsov and Y. Ivanov and V. Kim and P. Levchenko and V. Murzin and V. Oreshkin and I. Smirnov and V. Sulimov and L. Uvarov and S. Vavilov and A. Vorobyev and An. Vorobyev and Yu. Andreev and A. Anisimov and A. Dermenev and S. Gninenko and N. Golubev and D. Gorbunov and A. Karneyeu and M. Kirsanov and N. Krasnikov and V. Matveev and A. Pashenkov and G. Pivovarov and V.E. Postoev and V. Rubakov and V. Shirinyants and A. Solovey and D. Tlisov and A. Toropin and S. Troitsky and V. Epshteyn and M. Erofeeva and V. Gavrilov and V. Kaftanov and I. Kiselevich and V. Kolosov and A. Konoplyannikov and M. Kossov and Y. Kozlov and A. Krokhotin and D. Litvintsev and N. Lychkovskaya and A. Oulianov and V. Popov and G. Safronov and S. Semenov and N. Stepanov and V. Stolin and E. Vlasov and V. Zaytsev and A. Zhokin and A. Belyaev and E. Boos and V. Bunichev and A. Demiyanov and M. Dubinin and L. Dudko and A. Ershov and A. Gribushin and V. Ilyin and A. Kaminskiy and V. Klyukhin and O. Kodolova and V. Korotkikh and A. Kryukov and I. Lokhtin and A. Markina and S. Obraztsov and M. Perfilov and S. Petrushanko and A. Popov and A. Proskuryakov and L. Sarycheva and V. Savrin and A. Snigirev and I. Vardanyan and V. Andreev and M. Azarkin and I. Dremin and M. Kirakosyan and A. Leonidov and G. Mesyats and S.V. Rusakov and A. Vinogradov and I. Azhgirey and I. Bayshev and S. Bitioukov and V. Grishin and V. Kachanov and A. Kalinin and D. Konstantinov and A. Korablev and V. Krychkine and A. Levine and V. Petrov and A. Ryabov and R. Ryutin and A. Sobol and V. Talov and L. Tourtchanovitch and S. Troshin and N. Tyurin and A. Uzunian and A. Volkov and P. Adzic and M. Djordjevic and M. Ekmedzic and D. Krpic and J. Milosevic and N. Smiljkovic and M. Zupan and M. Aguilar-Benitez and J. Alcaraz Maestre and P. Arce and C. Battilana and E. Calvo and M. Cerrada and M. Chamizo Llatas and N. Colino and B. De La Cruz and A. Delgado Peris and D. Domínguez Vázquez and C. Fernandez Bedoya and J.P. Fernández Ramos and A. Ferrando and J. Flix and M.C. Fouz and P. Garcia-Abia and O. Gonzalez Lopez and S. Goy Lopez and J.M. Hernandez and M.I. Josa and G. Merino and J. Puerta Pelayo and A. Quintario Olmeda and I. Redondo and L. Romero and J. Santaolalla and M.S. Soares and C. Willmott and C. Albajar and G. Codispoti and J.F. de Trocóniz and H. Brun and J. Cuevas and J. Fernandez Menendez and S. Folgueras and I. Gonzalez Caballero and L. Lloret Iglesias and J. Piedra Gomez and J.A. Brochero Cifuentes and I.J. Cabrillo and A. Calderon and S.H. Chuang and J. Duarte Campderros and M. Felcini and M. Fernandez and G. Gomez and J. Gonzalez Sanchez and A. Graziano and C. Jorda and A. Lopez Virto and J. Marco and R. Marco and C. Martinez Rivero and F. Matorras and F.J. Munoz Sanchez and T. Rodrigo and A.Y. Rodríguez-Marrero and A. Ruiz-Jimeno and L. Scodellaro and M. Sobron Sanudo and I. Vila and R. Vilar Cortabitarte and D. Abbaneo and P. Aspell and E. Auffray and G. Auzinger and M. Bachtis and J. Baechler and P. Baillon and A.H. Ball and D. Barney and J.F. Benitez and C. Bernet and W. Bialas and G. Bianchi and P. Bloch and A. Bocci and A. Bonato and C. Botta and H. Breuker and D. Campi and T. Camporesi and E. Cano and G. Cerminara and A. Charkiewicz and T. Christiansen and J.A. Coarasa Perez and B. Curé and D. DʼEnterria and A. Dabrowski and J. Daguin and A. De Roeck and S. Di Guida and M. Dobson and N. Dupont-Sagorin and A. Elliott-Peisert and M. Eppard and B. Frisch and W. Funk and A. Gaddi and M. Gastal and G. Georgiou and H. Gerwig and M. Giffels and D. Gigi and K. Gill and D. Giordano and M. Girone and M. Giunta and F. Glege and R. Gomez-Reino Garrido and P. Govoni and S. Gowdy and R. Guida and J. Gutleber and M. Hansen and P. Harris and C. Hartl and J. Harvey and B. Hegner and A. Hinzmann and A. Honma and V. Innocente and P. Janot and K. Kaadze and E. Karavakis and K. Kloukinas and K. Kousouris and P. Lecoq and Y.-J. Lee and P. Lenzi and R. Loos and C. Lourenço and N. Magini and T. Mäki and M. Malberti and L. Malgeri and M. Mannelli and A. Marchioro and J. Marques Pinho Noite and L. Masetti and F. Meijers and S. Mersi and E. Meschi and L. Moneta and M.U. Mozer and M. Mulders and P. Musella and A. Onnela and T. Orimoto and L. Orsini and J.A. Osborne and E. Palencia Cortezon and E. Perez and L. Perrozzi and P. Petagna and A. Petrilli and A. Petrucci and A. Pfeiffer and M. Pierini and M. Pimiä and D. Piparo and G. Polese and H. Postema and L. Quertenmont and A. Racz and W. Reece and D. Ricci and J. Rodrigues Antunes and G. Rolandi and C. Rovelli and M. Rovere and V. Ryjov and H. Sakulin and D. Samyn and F. Santanastasio and C. Schäfer and C. Schwick and A. Sciaba and I. Segoni and S. Sekmen and A. Sharma and P. Siegrist and P. Silva and M. Simon and P. Sphicas and D. Spiga and B.G. Taylor and P. Tropea and J. Troska and A. Tsirou and F. Vasey and L. Veillet and G.I. Veres and P. Vichoudis and J.R. Vlimant and P. Wertelaers and H.K. Wöhri and S.D. Worm and W.D. Zeuner and W. Bertl and K. Deiters and W. Erdmann and D. Feichtinger and K. Gabathuler and R. Horisberger and Q. Ingram and H.C. Kaestli and S. König and D. Kotlinski and U. Langenegger and B. Meier and F. Meier and D. Renker and T. Rohe and T. Sakhelashvili and L. Bäni and F. Behner and B. Betev and B. Blau and P. Bortignon and M.A. Buchmann and B. Casal and N. Chanon and Z. Chen and D.R. Da Silva Di Calafiori and S. Dambach and G. Davatz and A. Deisher and G. Dissertori and M. Dittmar and L. Djambazov and M. Donegà and M. Dünser and C. Eggel and J. Eugster and G. Faber and K. Freudenreich and C. Grab and W. Hintz and D. Hits and H. Hofer and O. Holme and I. Horvath and P. Lecomte and W. Lustermann and C. Marchica and A.C. Marini and P. Martinez Ruiz del Arbol and N. Mohr and F. Moortgat and C. Nägeli and P. Nef and F. Nessi-Tedaldi and F. Pandolfi and L. Pape and F. Pauss and M. Peruzzi and T. Punz and F.J. Ronga and U. Röser and M. Rossini and L. Sala and A.K. Sanchez and M.-C. Sawley and D. Schinzel and A. Starodumov and B. Stieger and H. Suter and M. Takahashi and L. Tauscher and A. Thea and K. Theofilatos and D. Treille and P. Trüb and S. Udriot and C. Urscheler and G. Viertel and H.P. von Gunten and R. Wallny and H.A. Weber and L. Wehrli and J. Weng and S. Zelepoukine and C. Amsler and V. Chiochia and S. De Visscher and C. Favaro and M. Ivova Rikova and B. Millan Mejias and P. Otiougova and P. Robmann and H. Snoek and S. Tupputi and M. Verzetti and Y.H. Chang and K.H. Chen and W.T. Chen and A. Go and C.M. Kuo and S.W. Li and W. Lin and M.H. Liu and Z.K. Liu and Y.J. Lu and D. Mekterovic and A.P. Singh and R. Volpe and J.H. Wu and S.S. Yu and P. Bartalini and P. Chang and Y.H. Chang and Y.W. Chang and Y. Chao and K.F. Chen and C. Dietz and Z. Gao and U. Grundler and W.-S. Hou and Y. Hsiung and K.Y. Kao and Y.J. Lei and J.j. Liau and S.W. Lin and R.-S. Lu and D. Majumder and E. Petrakou and X. Shi and J.G. Shiu and Y.M. Tzeng and K. Ueno and Y. Velikzhanin and X. Wan and C.C. Wang and M. Wang and J.T. Wei and P. Yeh and B. Asavapibhop and N. Srimanobhas and A. Adiguzel and M.N. Bakirci and S. Cerci and C. Dozen and I. Dumanoglu and E. Eskut and S. Girgis and G. Gokbulut and E. Gurpinar and I. Hos and E.E. Kangal and T. Karaman and G. Karapinar and A. Kayis Topaksu and G. Onengut and K. Ozdemir and S. Ozturk and A. Polatoz and K. Sogut and D. Sunar Cerci and B. Tali and H. Topakli and L.N. Vergili and M. Vergili and I.V. Akin and T. Aliev and B. Bilin and M. Deniz and H. Gamsizkan and A.M. Guler and K. Ocalan and A. Ozpineci and M. Serin and R. Sever and U.E. Surat and M. Zeyrek and M. Deliomeroglu and E. Gülmez and B. Isildak and M. Kaya and O. Kaya and S. Ozkorucuklu and N. Sonmez and K. Cankocak and B. Grynyov and L. Levchuk and S. Lukyanenko and D. Soroka and P. Sorokin and M.K.H. Ahmad and A. Branson and R. McClatchey and M. Odeh and J. Shamdasani and K. Soomro and T. Barrass and F. Bostock and J.J. Brooke and E. Clement and D. Cussans and H. Flacher and R. Frazier and J. Goldstein and M. Grimes and G.P. Heath and H.F. Heath and L. Kreczko and W. Lacesso and S. Metson and D.M. Newbold and K. Nirunpong and A. Poll and S. Senkin and V.J. Smith and T. Williams and L. Basso and E. Bateman and K.W. Bell and A. Belyaev and C. Brew and R.M. Brown and B. Camanzi and D.J.A. Cockerill and J.F. Connolly and J.A. Coughlan and L.G. Denton and P.S. Flower and M.J. French and R.J.S. Greenhalgh and R.N.J. Halsall and K. Harder and S. Harper and J.A. Hill and J. Jackson and B.W. Kennedy and A.L. Lintern and A.B. Lodge and E. Olaiya and M.R. Pearson and D. Petyt and B.C. Radburn-Smith and C.H. Shepherd-Themistocleous and B.J. Smith and M. Sproston and R. Stephenson and I.R. Tomalin and M.J. Torbet and J.H. Williams and W.J. Womersley and R. Bainbridge and G. Ball and J. Ballin and D. Bauer and R. Beuselinck and O. Buchmuller and D. Colling and N. Cripps and M. Cutajar and P. Dauncey and G. Davies and M. Della Negra and W. Ferguson and J. Fulcher and D. Futyan and A. Gilbert and A. Guneratne Bryer and G. Hall and Z. Hatherell and J. Hays and G. Iles and M. Jarvis and J. Jones and G. Karapostoli and M. Kenzie and J. Leaver and L. Lyons and A.-M. Magnan and J. Marrouche and B. Mathias and D.G. Miller and R. Nandi and J. Nash and A. Nikitenko and M. Noy and A. Papageorgiou and J. Pela and M. Pesaresi and K. Petridis and M. Pioppi and D. Rand and D.M. Raymond and S. Rogerson and A. Rose and M.J. Ryan and C. Seez and P. Sharp and A. Sparrow and M. Stoye and A. Tapper and C. Timlin and S. Tourneur and M. Vazquez Acosta and T. Virdee and S. Wakefield and N. Wardle and T. Whyntie and M. Wingham and O. Zorba and M. Chadwick and J.E. Cole and P.R. Hobson and A. Khan and P. Kyberd and D. Leggat and D. Leslie and W. Martin and I.D. Reid and P. Symonds and L. Teodorescu and M. Turner and J. Dittmann and K. Hatakeyama and H. Liu and T. Scarborough and O. Charaf and C. Henderson and P. Rumerio and A. Avetisyan and T. Bose and E. Carrera Jarrin and C. Fantasia and E. Hazen and A. Heister and J.St. John and P. Lawson and D. Lazic and J. Rohlf and D. Sperka and L. Sulak and F. Varela Rodriguez and S. Wu and J. Alimena and S. Bhattacharya and D. Cutts and Z. Demiragli and A. Ferapontov and A. Garabedian and U. Heintz and R. Hooper and S. Jabeen and G. Kukartsev and E. Laird and G. Landsberg and M. Luk and M. Narain and D. Nguyen and M. Segala and T. Sinthuprasith and T. Speer and K.V. Tsang and Z. Unalan and R. Breedon and G. Breto and M. Calderon De La Barca Sanchez and M. Case and S. Chauhan and M. Chertok and J. Conway and R. Conway and P.T. Cox and J. Dolen and R. Erbacher and M. Gardner and G. Grim and J. Gunion and B. Holbrook and W. Ko and A. Kopecky and R. Lander and F.C. Lin and T. Miceli and P. Murray and M. Nikolic and D. Pellett and F. Ricci-tam and J. Rowe and B. Rutherford and M. Searle and J. Smith and M. Squires and M. Tripathi and R. Vasquez Sierra and R. Yohay and V. Andreev and K. Arisaka and D. Cline and R. Cousins and J. Duris and S. Erhan and P. Everaerts and C. Farrell and J. Hauser and M. Ignatenko and C. Jarvis and J. Kubic and S. Otwinowski and C. Plager and G. Rakness and P. Schlein and P. Traczyk and V. Valuev and M. Weber and X. Yang and Y. Zheng and J. Babb and R. Clare and M.E. Dinardo and J. Ellison and J.W. Gary and F. Giordano and G. Hanson and G.Y. Jeng and J.G. Layter and H. Liu and O.R. Long and A. Luthra and H. Nguyen and S. Paramesvaran and B.C. Shen and J. Sturdy and S. Sumowidagdo and R. Wilken and S. Wimpenny and W. Andrews and J.G. Branson and G.B. Cerati and M. Cinquilli and S. Cittolin and D. Evans and F. Golf and A. Holzner and R. Kelley and M. Lebourgeois and J. Letts and I. Macneill and B. Mangano and T. Martin and A. Mrak-Tadel and S. Padhi and C. Palmer and G. Petrucciani and M. Pieri and M. Sani and I. Sfiligoi and V. Sharma and S. Simon and E. Sudano and M. Tadel and Y. Tu and A. Vartak and S. Wasserbaech and F. Würthwein and A. Yagil and J. Yoo and D. Barge and R. Bellan and C. Campagnari and M. DʼAlfonso and T. Danielson and K. Flowers and P. Geffert and J. Incandela and C. Justus and P. Kalavase and S.A. Koay and D. Kovalskyi and V. Krutelyov and S. Kyre and S. Lowette and G. Magazzu and N. Mccoll and V. Pavlunin and F. Rebassoo and J. Ribnik and J. Richman and R. Rossin and D. Stuart and W. To and C. West and D. White and D. Adamczyk and A. Apresyan and A. Barczyk and A. Bornheim and J. Bunn and Y. Chen and G. Denis and E. Di Marco and J. Duarte and P. Galvez and M. Gataullin and D. Kcira and I. Legrand and V. Litvine and Y. Ma and Z. Maxa and A. Mott and A. Mughal and D. Nae and H.B. Newman and S. Ravot and C. Rogan and S.G. Rozsa and S. Shevchenko and K. Shin and M. Spiropulu and C. Steenberg and M. Thomas and V. Timciuc and F. van Lingen and J. Veverka and B.R. Voicu and R. Wilkinson and S. Xie and Y. Yang and L. Zhang and K. Zhu and R.Y. Zhu and B. Akgun and V. Azzolini and A. Calamba and R. Carroll and T. Ferguson and Y. Iiyama and D.W. Jang and S.Y. Jun and Y.F. Liu and M. Paulini and J. Russ and N. Terentyev and H. Vogel and I. Vorobiev and J.P. Cumalat and B.R. Drell and W.T. Ford and A. Gaz and B. Heyburn and D. Johnson and E. Luiggi Lopez and U. Nauenberg and J.G. Smith and K. Stenson and K.A. Ulmer and S.R. Wagner and S.L. Zang and L. Agostino and J. Alexander and A. Chatterjee and N. Eggert and L.K. Gibbons and B. Heltsley and A. Khukhunaishvili and B. Kreis and V. Kuznetsov and N. Mirman and G. Nicolas Kaufman and J.R. Patterson and D. Riley and A. Ryd and E. Salvati and S. Stroiney and W. Sun and W.D. Teo and J. Thom and J. Thompson and J. Tucker and J. Vaughan and Y. Weng and L. Winstrom and P. Wittich and D. Winn and S. Abdullin and M. Albert and M. Albrow and J. Anderson and G. Apollinari and M. Atac and W. Badgett and J.A. Bakken and B. Baldin and K. Banicz and L.A.T. Bauerdick and A. Beretvas and J. Berryhill and P.C. Bhat and M. Binkley and F. Borcherding and K. Burkett and J.N. Butler and V. Chetluru and H.W.K. Cheung and F. Chlebana and S. Cihangir and W. Dagenhart and G. Derylo and C. Dumitrescu and D. Dykstra and D.P. Eartly and J.E. Elias and V.D. Elvira and G. Eulisse and D. Evans and D. Fagan and I. Fisk and S. Foulkes and J. Freeman and I. Gaines and Y. Gao and P. Gartung and L. Giacchetti and E. Gottschalk and D. Green and Y. Guo and O. Gutsche and A. Hahn and J. Hanlon and R.M. Harris and J. Hirschauer and B. Holzman and B. Hooberman and J. Howell and C.h. Huang and D. Hufnagel and S. Jindariani and M. Johnson and C.D. Jones and U. Joshi and E. Juska and B. Kilminster and B. Klima and S. Kunori and S. Kwan and K. Larson and C. Leonidopoulos and J. Linacre and D. Lincoln and R. Lipton and J.A. Lopez Perez and S. Los and J. Lykken and K. Maeshima and J.M. Marraffino and S. Maruyama and D. Mason and P. McBride and T. McCauley and K. Mishra and S. Moccia and R.K. Mommsen and S. Mrenna and Y. Musienko and S. Muzaffar and C. Newman-Holmes and V. OʼDell and I. Osborne and J. Pivarski and S. Popescu and R. Pordes and O. Prokofyev and V. Rapsevicius and A. Ronzhin and P. Rossman and S. Ryu and E. Sexton-Kennedy and S. Sharma and T.M. Shaw and R.P. Smith and A. Soha and W.J. Spalding and L. Spiegel and W. Tanenbaum and L. Taylor and R. Thompson and A. Tiradani and S. Tkaczyk and N.V. Tran and L. Tuura and L. Uplegger and E.W. Vaandering and R. Vidal and J. Whitmore and W. Wu and F. Yang and J. Yarba and J.C. Yun and T. Zimmerman and D. Acosta and P. Avery and V. Barashko and D. Bourilkov and M. Chen and T. Cheng and S. Das and M. De Gruttola and G.P. Di Giovanni and D. Dobur and S. Dolinsky and A. Drozdetskiy and R.D. Field and M. Fisher and Y. Fu and I.K. Furic and J. Gartner and L. Gorn and D. Holmes and J. Hugon and B. Kim and J. Konigsberg and A. Korytov and A. Kropivnitskaya and T. Kypreos and J.F. Low and A. Madorsky and K. Matchev and P. Milenovic and G. Mitselmakher and L. Muniz and M. Park and R. Remington and A. Rinkevicius and B. Scurlock and N. Skhirtladze and M. Snowball and J. Stasko and J. Yelton and M. Zakaria and V. Gaultney and S. Hewamanage and L.M. Lebolo and S. Linn and P. Markowitz and G. Martinez and J.L. Rodriguez and T. Adams and A. Askew and M. Bertoldi and J. Bochenek and J. Chen and W.G.D. Dharmaratna and B. Diamond and S.V. Gleyzer and J. Haas and S. Hagopian and V. Hagopian and M. Jenkins and K.F. Johnson and H. Prosper and S. Tentindo and V. Veeraraghavan and M. Weinberg and M.M. Baarmand and B. Dorney and M. Hohlmann and H. Kalakhety and R. Ralich and I. Vodopiyanov and F. Yumiceva and M.R. Adams and I.M. Anghel and L. Apanasevich and Y. Bai and V.E. Bazterra and R.R. Betts and I. Bucinskaite and J. Callner and R. Cavanaugh and M.H. Chung and O. Evdokimov and E.J. Garcia-Solis and L. Gauthier and C.E. Gerber and D.J. Hofman and R. Hollis and A. Iordanova and S. Khalatyan and G.J. Kunde and F. Lacroix and M. Malek and C. OʼBrien and C. Silkworth and C. Silvestre and A. Smoron and D. Strom and P. Turner and N. Varelas and U. Akgun and E.A. Albayrak and A.S. Ayan and B. Bilki and W. Clarida and P. Debbins and F. Duru and F.D. Ingram and E. McCliment and J.-P. Merlo and H. Mermerkaya and A. Mestvirishvili and M.J. Miller and A. Moeller and J. Nachtman and C.R. Newsom and E. Norbeck and J. Olson and Y. Onel and F. Ozok and I. Schmidt and S. Sen and P. Tan and E. Tiras and J. Wetzel and T. Yetkin and K. Yi and B.A. Barnett and B. Blumenfeld and S. Bolognesi and D. Fehling and G. Giurgiu and A.V. Gritsan and Z.J. Guo and G. Hu and P. Maksimovic and S. Rappoccio and M. Swartz and A. Whitbeck and P. Baringer and A. Bean and G. Benelli and D. Coppage and O. Grachov and R.P. Kenny Iii and M. Murray and D. Noonan and V. Radicci and S. Sanders and R. Stringer and G. Tinti and J.S. Wood and V. Zhukova and A.F. Barfuss and T. Bolton and I. Chakaberia and A. Ivanov and S. Khalil and M. Makouski and Y. Maravin and S. Shrestha and I. Svintradze and J. Gronberg and D. Lange and D. Wright and A. Baden and R. Bard and M. Boutemeur and B. Calvert and S.C. Eno and J.A. Gomez and T. Grassi and N.J. Hadley and R.G. Kellogg and M. Kirn and T. Kolberg and Y. Lu and M. Marionneau and A.C. Mignerey and K. Pedro and A. Peterman and K. Rossato and A. Skuja and J. Temple and M.B. Tonjes and S.C. Tonwar and T. Toole and E. Twedt and A. Apyan and G. Bauer and J. Bendavid and W. Busza and E. Butz and I.A. Cali and M. Chan and V. Dutta and G. Gomez Ceballos and M. Goncharov and K.A. Hahn and Y. Kim and M. Klute and K. Krajczar and A. Levin and P.D. Luckey and T. Ma and S. Nahn and C. Paus and D. Ralph and C. Roland and G. Roland and M. Rudolph and G.S.F. Stephans and F. Stöckli and K. Sumorok and K. Sung and D. Velicanu and E.A. Wenger and R. Wolf and B. Wyslouch and M. Yang and Y. Yilmaz and A.S. Yoon and M. Zanetti and D. Bailleux and S.I. Cooper and P. Cushman and B. Dahmes and A. De Benedetti and R. Egeland and G. Franzoni and A. Gude and J. Haupt and A. Inyakin and S.C. Kao and K. Klapoetke and Y. Kubota and J. Mans and N. Pastika and R. Rusack and A. Singovsky and N. Tambe and J. Turkewitz and L.M. Cremaldi and R. Kroeger and L. Perera and R. Rahmat and J. Reidy and D.A. Sanders and D. Summers and G. Attebury and E. Avdeeva and K. Bloom and B. Bockelman and S. Bose and D.R. Claes and A. Dominguez and M. Eads and J. Keller and I. Kravchenko and J. Lazo-Flores and C. Lundstedt and H. Malbouisson and S. Malik and R. Snihur and G.R. Snow and D. Swanson and U. Baur and A. Godshalk and I. Iashvili and S. Jain and A. Kharchilava and A. Kumar and S.P. Shipkowski and K. Smith and G. Alverson and E. Barberis and D. Baumgartel and M. Chasco and J. Haley and J. Moromisato and D. Nash and J. Swain and D. Trocino and E. Von Goeler and D. Wood and J. Zhang and A. Anastassov and B. Gobbi and A. Kubik and L. Lusito and N. Odell and R.A. Ofierzynski and B. Pollack and A. Pozdnyakov and M. Schmitt and S. Stoynev and M. Velasco and S. Won and L. Antonelli and B. Baumbaugh and D. Berry and A. Brinkerhoff and K.M. Chan and A.H. Heering and M. Hildreth and C. Jessop and D.J. Karmgard and N. Kellams and J. Kolb and K. Lannon and W. Luo and S. Lynch and N. Marinelli and D.M. Morse and T. Pearson and M. Planer and R. Ruchti and J. Slaunwhite and N. Valls and M. Wayne and M. Wolf and A. Woodard and B. Bylsma and L.S. Durkin and C. Hill and R. Hughes and K. Kotov and T.Y. Ling and D. Puigh and M. Rodenburg and C.J. Rush and V. Sehgal and C. Vuosalo and G. Williams and B.L. Winer and N. Adam and E. Berry and P. Elmer and D. Gerbaudo and V. Halyo and P. Hebda and J. Hegeman and A. Hunt and P. Jindal and D. Lopes Pegna and P. Lujan and D. Marlow and T. Medvedeva and M. Mooney and J. Olsen and P. Piroué and X. Quan and A. Raval and H. Saka and D. Stickland and C. Tully and J.S. Werner and T. Wildish and Z. Xie and S.C. Zenz and A. Zuranski and J.G. Acosta and M. Bonnett Del Alamo and E. Brownson and X.T. Huang and A. Lopez and H. Mendez and S. Oliveros and J.E. Ramirez Vargas and A. Zatserklyaniy and E. Alagoz and K. Arndt and V.E. Barnes and D. Benedetti and G. Bolla and D. Bortoletto and A. Bujak and M. De Mattia and A. Everett and L. Gutay and Z. Hu and M. Jones and O. Koybasi and M. Kress and A.T. Laasanen and J. Lee and N. Leonardo and C. Liu and V. Maroussov and P. Merkel and D.H. Miller and J. Miyamoto and N. Neumeister and C. Rott and A. Roy and I. Shipsey and D. Silvers and A. Svyatkovskiy and M. Vidal Marono and H.D. Yoo and J. Zablocki and Y. Zheng and S. Guragain and N. Parashar and A. Adair and C. Boulahouache and V. Cuplov and K.M. Ecklund and F.J.M. Geurts and S.J. Lee and W. Li and J.H. Liu and M. Matveev and B.P. Padley and R. Redjimi and J. Roberts and A. Tumanov and P. Yepes and J. Zabel and B. Betchart and A. Bodek and H. Budd and Y.S. Chung and R. Covarelli and P. de Barbaro and R. Demina and Y. Eshaq and T. Ferbel and A. Garcia-Bellido and G. Ginther and P. Goldenzweig and Y. Gotra and J. Han and A. Harel and S. Korjenevski and D.C. Miner and D. Orbaker and W. Sakumoto and P. Slattery and D. Vishnevskiy and M. Zielinski and A. Bhatti and R. Ciesielski and L. Demortier and K. Goulianos and G. Lungu and S. Malik and C. Mesropian and S. Arora and A. Barker and J.P. Chou and C. Contreras-Campana and E. Contreras-Campana and D. Duggan and D. Ferencek and Y. Gershtein and R. Gray and E. Halkiadakis and D. Hidas and A. Lath and S. Panwalkar and M. Park and R. Patel and V. Rekovic and J. Robles and K. Rose and S. Salur and S. Schnetzer and C. Seitz and S. Somalwar and R. Stone and S. Thomas and G. Cerizza and M. Hollingsworth and G. Ragghianti and S. Spanier and Z.C. Yang and A. York and O. Bouhali and R. Eusebi and W. Flanagan and J. Gilmore and T. Kamon and V. Khotilovich and R. Montalvo and C.N. Nguyen and I. Osipenkov and Y. Pakhotin and A. Perloff and J. Roe and A. Safonov and T. Sakuma and S. Sengupta and I. Suarez and A. Tatarinov and D. Toback and N. Akchurin and J. Damgov and C. Dragoiu and P.R. Dudero and C. Jeong and K. Kovitanggoon and S.W. Lee and T. Libeiro and Y. Roh and A. Sill and I. Volobouev and R. Wigmans and E. Appelt and A.G. Delannoy and D. Engh and C. Florez and W. Gabella and S. Greene and A. Gurrola and W. Johns and P. Kurt and C. Maguire and A. Melo and M. Sharma and P. Sheldon and B. Snook and S. Tuo and J. Velkovska and D. Andelin and M.W. Arenton and M. Balazs and S. Boutle and S. Conetti and B. Cox and B. Francis and J. Goodell and R. Hirosky and A. Ledovskoy and C. Lin and C. Neu and D. Phillips II and J. Wood and S. Gollapinni and R. Harr and P.E. Karchin and C. Kottachchi Kankanamge Don and P. Lamichhane and M. Mattson and C. Milstène and A. Sakharov and M. Anderson and D. Belknap and J.N. Bellinger and L. Borrello and D. Bradley and D. Carlsmith and M. Cepeda and I. Crotty and S. Dasu and F. Feyzi and E. Friis and T. Gorski and L. Gray and K.S. Grogg and M. Grothe and R. Hall-Wilton and M. Herndon and A. Hervé and P. Klabbers and J. Klukas and J. Lackey and A. Lanaro and C. Lazaridis and J. Leonard and R. Loveless and S. Lusin and M. Magrans de Abril and W. Maier and A. Mohapatra and I. Ojalvo and F. Palmonari and G.A. Pierro and D. Reeder and I. Ross and A. Savin and W.H. Smith and J. Swanson and D. Wenman},
  doi          = {http://dx.doi.org/10.1016/j.physletb.2012.08.021},
  issn         = {0370-2693},
  journaltitle = {Physics Letters B},
  keywords     = {Higgs},
  note         = {},
  number       = {1},
  pages        = {30 - 61},
  title        = {Observation of a new boson at a mass of 125 GeV with the \{CMS\} experiment at the \{LHC\}},
  url          = {http://www.sciencedirect.com/science/article/pii/S0370269312008581},
  volume       = {716},
  year         = {2012},
}

@article{mcfm_hjj,
  author       = {Campbell, John M. and Ellis, R. Keith and Zanderighi, Giulia},
  doi          = {10.1088/1126-6708/2006/10/028},
  eprint       = {hep-ph/0608194},
  eprintclass  = {hep-ph},
  eprinttype   = {arXiv},
  journaltitle = {JHEP},
  pages        = {028},
  reportnumber = {CERN-PH-TH-06-164, FERMILAB-PUB-06-274-T},
  slaccitation = {%%CITATION = HEP-PH/0608194;%%},
  title        = {{Next-to-Leading order Higgs + 2 jet production via gluon fusion}},
  volume       = {10},
  year         = {2006},
}

@article{powheg_a,
  author       = {Nason, Paolo},
  doi          = {10.1088/1126-6708/2004/11/040},
  eprint       = {hep-ph/0409146},
  eprintclass  = {hep-ph},
  eprinttype   = {arXiv},
  journaltitle = {JHEP},
  pages        = {040},
  reportnumber = {BICOCCA-FT-04-11},
  slaccitation = {%%CITATION = HEP-PH/0409146;%%},
  title        = {{A New method for combining NLO QCD with shower Monte Carlo algorithms}},
  volume       = {11},
  year         = {2004},
}

@article{powheg_b,
  author       = {Frixione, Stefano and Nason, Paolo and Oleari, Carlo},
  doi          = {10.1088/1126-6708/2007/11/070},
  eprint       = {0709.2092},
  eprintclass  = {hep-ph},
  eprinttype   = {arXiv},
  journaltitle = {JHEP},
  pages        = {070},
  reportnumber = {BICOCCA-FT-07-9, GEF-TH-21-2007},
  slaccitation = {%%CITATION = ARXIV:0709.2092;%%},
  title        = {{Matching NLO QCD computations with Parton Shower simulations: the POWHEG method}},
  volume       = {11},
  year         = {2007},
}

@article{powheg_c,
  author       = {Alioli, Simone and Nason, Paolo and Oleari, Carlo and Re, Emanuele},
  doi          = {10.1007/JHEP06(2010)043},
  eprint       = {1002.2581},
  eprintclass  = {hep-ph},
  eprinttype   = {arXiv},
  journaltitle = {JHEP},
  pages        = {043},
  reportnumber = {DESY-10-018, SFB-CPP-10-22, IPPP-10-11, DCPT-10-22},
  slaccitation = {%%CITATION = ARXIV:1002.2581;%%},
  title        = {{A general framework for implementing NLO calculations in shower Monte Carlo programs: the POWHEG BOX}},
  volume       = {06},
  year         = {2010},
}

@article{nnpdf30,
  author        = {Ball, Richard D. and others},
  collaboration = {NNPDF},
  doi           = {10.1007/JHEP04(2015)040},
  eprint        = {1410.8849},
  eprintclass   = {hep-ph},
  eprinttype    = {arXiv},
  journaltitle  = {JHEP},
  pages         = {040},
  reportnumber  = {EDINBURGH-2014-15, IFUM-1034-FT, CERN-PH-TH-2013-253, OUTP-14-11P, CAVENDISH-HEP-14-11},
  slaccitation  = {%%CITATION = ARXIV:1410.8849;%%},
  title         = {{Parton distributions for the LHC Run II}},
  volume        = {04},
  year          = {2015},
}

@article{hoppet,
  author       = {Salam, Gavin P. and Rojo, Juan},
  doi          = {10.1016/j.cpc.2008.08.010},
  eprint       = {0804.3755},
  eprintclass  = {hep-ph},
  eprinttype   = {arXiv},
  journaltitle = {Comput. Phys. Commun.},
  pages        = {120-156},
  slaccitation = {%%CITATION = ARXIV:0804.3755;%%},
  title        = {{A Higher Order Perturbative Parton Evolution Toolkit (HOPPET)}},
  volume       = {180},
  year         = {2009},
}

@article{ckkw_a,
  author       = {Catani, S. and Krauss, F. and Kuhn, R. and Webber, B. R.},
  doi          = {10.1088/1126-6708/2001/11/063},
  eprint       = {hep-ph/0109231},
  eprintclass  = {hep-ph},
  eprinttype   = {arXiv},
  journaltitle = {JHEP},
  pages        = {063},
  reportnumber = {CERN-TH-2000-367, CAVENDISH-HEP-00-03},
  slaccitation = {%%CITATION = HEP-PH/0109231;%%},
  title        = {{QCD matrix elements + parton showers}},
  volume       = {11},
  year         = {2001},
}

@article{ckkw_b,
  author       = {Krauss, F.},
  doi          = {10.1088/1126-6708/2002/08/015},
  eprint       = {hep-ph/0205283},
  eprintclass  = {hep-ph},
  eprinttype   = {arXiv},
  journaltitle = {JHEP},
  pages        = {015},
  slaccitation = {%%CITATION = HEP-PH/0205283;%%},
  title        = {{Matrix elements and parton showers in hadronic interactions}},
  volume       = {08},
  year         = {2002},
}

@article{mlm_a,
  author       = {Mangano, Michelangelo L. and Moretti, Mauro and Pittau, Roberto},
  booktitle    = {{Workshop on Monte Carlo Generator Physics for Run II at the Tevatron Batavia, Illinois, April 18-20, 2001}},
  doi          = {10.1016/S0550-3213(02)00249-3},
  eprint       = {hep-ph/0108069},
  eprintclass  = {hep-ph},
  eprinttype   = {arXiv},
  journaltitle = {Nucl. Phys.},
  pages        = {343-362},
  reportnumber = {CERN-TH-2001-215},
  slaccitation = {%%CITATION = HEP-PH/0108069;%%},
  title        = {{Multijet matrix elements and shower evolution in hadronic collisions: $W b \bar{b}$ + $n$ jets as a case study}},
  volume       = {B632},
  year         = {2002},
}

@article{mlm_b,
  author       = {Mangano, Michelangelo L. and Moretti, Mauro and Piccinini, Fulvio and Treccani, Michele},
  doi          = {10.1088/1126-6708/2007/01/013},
  eprint       = {hep-ph/0611129},
  eprintclass  = {hep-ph},
  eprinttype   = {arXiv},
  journaltitle = {JHEP},
  pages        = {013},
  reportnumber = {CERN-PH-TH-2006-232, FNT-T-2006-09},
  slaccitation = {%%CITATION = HEP-PH/0611129;%%},
  title        = {{Matching matrix elements and shower evolution for top-quark production in hadronic collisions}},
  volume       = {01},
  year         = {2007},
}

