%% Books
%=========================================================================================

@book{ellis1996,
	author			= "Ellis, Richard Keith and Stirling, William James and
						Webber, Bryan R",
	title			= "{QCD and Collider Physics}",
	publisher		= "Cambridge Univ. Press",
	address			= "Cambridge",
	series			= "Cambridge monographs on particle physics, nuclear physics,
						and cosmology",
	year			= "1996",
}

%% Articles
%=========================================================================================

@article{cteq2001,
	author			= {Sterman, George and others},
	description		= {Rev. Mod. Phys. 67, 157 (1995): Handbook of perturbative QCD},
	journal			= {Rev. Mod. Phys.},
	month			= jan,
	note			= {www.phys.psu.edu/~cteq/handbook/v1.1/handbook.pd},
	number			= 1,
	pages			= {157--248},
	publisher		= {American Physical Society},
	title			= {Handbook of perturbative QCD},
	url				= {http://link.aps.org/doi/10.1103/RevModPhys.67.157},
	volume			= 67,
	year			= 1995
}

@article{mcgrid2013,
	author			= "Del Debbio, Luigi and Hartland, Nathan P. and Schumann,
						Steffen",
	title			= "{MCgrid: projecting cross section calculations on grids}",
	journal			= "Comput.Phys.Commun.",
	volume			= "185",
	pages			= "2115-2126",
	doi				= "10.1016/j.cpc.2014.03.023",
	year			= "2014",
	eprint			= "1312.4460",
	archivePrefix	= "arXiv",
	primaryClass	= "hep-ph",
	reportNumber	= "MCNET-13-21, EDINBURGH-2013-36",
	SLACcitation	= "%%CITATION = ARXIV:1312.4460;%%",
}

@article{applgrid2010,
	author			= "Carli, Tancredi and Clements, Dan and Cooper-Sarkar,
						Amanda and Gwenlan, Claire and Salam, Gavin P. and others",
	title			= "{A posteriori inclusion of parton density functions in
						NLO QCD final-state calculations at hadron colliders: The
						APPLGRID Project}",
	journal			= "Eur.Phys.J.",
	volume			= "C66",
	pages			= "503-524",
	doi				= "10.1140/epjc/s10052-010-1255-0",
	year			= "2010",
	eprint			= "0911.2985",
	archivePrefix	= "arXiv",
	primaryClass	= "hep-ph",
	SLACcitation	= "%%CITATION = ARXIV:0911.2985;%%",
}

@article{fastnlo2006,
      author         = "Kluge, T. and Rabbertz, K. and Wobisch, M.",
      title          = "{FastNLO: Fast pQCD calculations for PDF fits}",
      pages          = "483-486",
      year           = "2006",
      eprint         = "hep-ph/0609285",
      archivePrefix  = "arXiv",
      primaryClass   = "hep-ph",
      reportNumber   = "DESY-06-186, FERMILAB-CONF-06-352-E",
      SLACcitation   = "%%CITATION = HEP-PH/0609285;%%",
}

@article{fastnlo2011,
      author         = "Wobisch, M. and Britzger, D. and Kluge, T. and Rabbertz,
                        K. and Stober, F.",
      title          = "{Theory-Data Comparisons for Jet Measurements in
                        Hadron-Induced Processes}",
      collaboration  = "fastNLO",
      year           = "2011",
      eprint         = "1109.1310",
      archivePrefix  = "arXiv",
      primaryClass   = "hep-ph",
      reportNumber   = "DESY-11-150, FERMILAB-PUB-11-418-PPD",
      SLACcitation   = "%%CITATION = ARXIV:1109.1310;%%",
}


@article{pdg2012,
	title			= {Review of Particle Physics*},
	author			= "{Beringer, J. and Arguin, J. -F. and Barnett, R. M. and others}",
	journal			= {Phys. Rev. D},
	volume			= {86},
	issue			= {1},
	pages			= {010001},
	numpages		= {1528},
	year			= {2012},
	month			= {Jul},
	publisher		= {American Physical Society},
	doi				= {10.1103/PhysRevD.86.010001},
	url				= {http://link.aps.org/doi/10.1103/PhysRevD.86.010001}
}

@article{feynman1969,
	title			= {Very High-Energy Collisions of Hadrons},
	author			= {Feynman, Richard P.},
	journal			= {Phys. Rev. Lett.},
	volume			= {23},
	issue			= {24},
	pages			= {1415--1417},
	numpages		= {0},
	year			= {1969},
	month			= {Dec},
	publisher		= {American Physical Society},
	doi				= {10.1103/PhysRevLett.23.1415},
	url				= {http://link.aps.org/doi/10.1103/PhysRevLett.23.1415}
}

@Article{pdg2014,
	author			= "K.A. Olive and others",
	collaboration	= "Particle Data Group",
	title			= "Review of Particle Physics",
	journal			= "Chin.Phys.",
	volume			= "C38",
	pages			= "090001",
	year			= "2014",
	doi				= "10.1088/1674-1137/38/9/090001",
}

@article{salam2010,
	author			= "Salam, Gavin P.",
	title			= "{Elements of QCD for hadron colliders}",
	year			= "2010",
	eprint			= "1011.5131",
	archivePrefix	= "arXiv",
	primaryClass	= "hep-ph",
	reportNumber	= "CERN-2010-002",
	SLACcitation	= "%%CITATION = ARXIV:1011.5131;%%",
}

@article{splittingkernel1,
	author			= "Moch, S. and Vermaseren, J.A.M. and Vogt, A.",
	title			= "{The Three loop splitting functions in QCD: The
						Nonsinglet case}",
	journal			= "Nucl.Phys.",
	volume			= "B688",
	pages			= "101-134",
	doi				= "10.1016/j.nuclphysb.2004.03.030",
	year			= "2004",
	eprint			= "hep-ph/0403192",
	archivePrefix	= "arXiv",
	primaryClass	= "hep-ph",
	reportNumber	= "DESY-04-047, SFB-CPP-04-09, NIKHEF-04-001",
	SLACcitation	= "%%CITATION = HEP-PH/0403192;%%",
}

@article{splittingkernel2,
	author			= "Vogt, A. and Moch, S. and Vermaseren, J.A.M.",
	title			= "{The Three-loop splitting functions in QCD: The Singlet
						case}",
	journal			= "Nucl.Phys.",
	volume			= "B691",
	pages			= "129-181",
	doi				= "10.1016/j.nuclphysb.2004.04.024",
	year			= "2004",
	eprint			= "hep-ph/0404111",
	archivePrefix	= "arXiv",
	primaryClass	= "hep-ph",
	reportNumber	= "NIKHEF-04-004, DESY-04-060, SFB-CPP-04-12",
	SLACcitation	= "%%CITATION = HEP-PH/0404111;%%",
}

@article{cms2012,
	author			= "Chatrchyan, Serguei and others",
	title			= "{Measurement of the Rapidity and Transverse Momentum
						Distributions of $Z$ Bosons in $pp$ Collisions at
						$\sqrt{s}=7$ TeV}",
	collaboration	= "CMS",
	journal			= "Phys.Rev.",
	volume			= "D85",
	pages			= "032002",
	doi				= "10.1103/PhysRevD.85.032002",
	year			= "2012",
	eprint			= "1110.4973",
	archivePrefix	= "arXiv",
	primaryClass	= "hep-ex",
	reportNumber	= "CMS-EWK-10-010, CERN-PH-EP-2011-169",
	SLACcitation	= "%%CITATION = ARXIV:1110.4973;%%",
}

@article{gleisberg2008ta,
	author			= "Gleisberg, T. and H{\"o}che, Stefan. and Krauss, F. and
						Sch{\"o}nherr, M. and Schumann, S. and others",
	title			= "{Event generation with Sherpa 1.1}",
	journal			= "JHEP",
	volume			= "0902",
	pages			= "007",
	doi				= "10.1088/1126-6708/2009/02/007",
	year			= "2009",
	eprint			= "0811.4622",
	archivePrefix	= "arXiv",
	primaryClass	= "hep-ph",
	reportNumber	= "FERMILAB-PUB-08-477-T, SLAC-PUB-13420, ZU-TH-17-08,
						DCPT-08-138, IPPP-08-69, EDINBURGH-2008-30, MCNET-08-14",
	SLACcitation	= "%%CITATION = ARXIV:0811.4622;%%",
}

@article{schonherr2008,
	author			= "Sch{\"o}nherr, Marek and Krauss, Frank",
	title			= "{Soft Photon Radiation in Particle Decays in Sherpa}",
	journal			= "JHEP",
	volume			= "0812",
	pages			= "018",
	doi				= "10.1088/1126-6708/2008/12/018",
	year			= "2008",
	eprint			= "0810.5071",
	archivePrefix	= "arXiv",
	primaryClass	= "hep-ph",
	reportNumber	= "DCPT-07-96, IPPP-07-48, MCNET-08-13",
	SLACcitation	= "%%CITATION = ARXIV:0810.5071;%%",
}

@article{gleisberg2008fv,
	author			= "Gleisberg, Tanju and H{\"o}che, Stefan",
	title			= "{Comix, a new matrix element generator}",
	journal			= "JHEP",
	volume			= "0812",
	pages			= "039",
	doi				= "10.1088/1126-6708/2008/12/039",
	year			= "2008",
	eprint			= "0808.3674",
	archivePrefix	= "arXiv",
	primaryClass	= "hep-ph",
	reportNumber	= "SLAC-PUB-13232, IPPP-08-31, DCPT-08-62, MCNET-08-08",
	SLACcitation	= "%%CITATION = ARXIV:0808.3674;%%",
}

@article{schumann2007,
	author			= "Schumann, Steffen and Krauss, Frank",
	title			= "{A Parton shower algorithm based on Catani-Seymour dipole
							factorisation}",
	journal			= "JHEP",
	volume			= "0803",
	pages			= "038",
	doi				= "10.1088/1126-6708/2008/03/038",
	year			= "2008",
	eprint			= "0709.1027",
	archivePrefix	= "arXiv",
	primaryClass	= "hep-ph",
	reportNumber	= "DCPT-07-86, IPPP-07-43",
	SLACcitation	= "%%CITATION = ARXIV:0709.1027;%%",
}

@article{rivet2010,
	author			= "Buckley, Andy and Butterworth, Jonathan and Lonnblad,
						Leif and Grellscheid, David and Hoeth, Hendrik and others",
	title			= "{Rivet user manual}",
	journal			= "Comput.Phys.Commun.",
	volume			= "184",
	pages			= "2803-2819",
	doi				= "10.1016/j.cpc.2013.05.021",
	year			= "2013",
	eprint			= "1003.0694",
	archivePrefix	= "arXiv",
	primaryClass	= "hep-ph",
	reportNumber	= "MCNET-10-03",
	SLACcitation	= "%%CITATION = ARXIV:1003.0694;%%",
}

%% Higgs articles
%==========================================================================================
@article{higgshandbook1,
	author			= "Dittmaier, S. and others",
	title			= "{Handbook of LHC Higgs Cross Sections: 1. Inclusive
						Observables}",
	collaboration	= "LHC Higgs Cross Section Working Group",
	doi				= "10.5170/CERN-2011-002",
	year			= "2011",
	eprint			= "1101.0593",
	archivePrefix	= "arXiv",
	primaryClass	= "hep-ph",
	reportNumber	= "CERN-2011-002",
	SLACcitation	= "%%CITATION = ARXIV:1101.0593;%%",
}

@article{higgshandbook2,
      author         = "Dittmaier, S. and Dittmaier, S. and Mariotti, C. and
                        Passarino, G. and Tanaka, R. and others",
      title          = "{Handbook of LHC Higgs Cross Sections: 2. Differential
                        Distributions}",
      doi            = "10.5170/CERN-2012-002",
      year           = "2012",
      eprint         = "1201.3084",
      archivePrefix  = "arXiv",
      primaryClass   = "hep-ph",
      reportNumber   = "CERN-2012-002",
      SLACcitation   = "%%CITATION = ARXIV:1201.3084;%%",
}

@article{higgshandbook3,
      author         = "Heinemeyer, S and others",
      editor         = "Heinemeyer, S",
      title          = "{Handbook of LHC Higgs Cross Sections: 3. Higgs
                        Properties}",
      collaboration  = "LHC Higgs Cross Section Working Group",
      doi            = "10.5170/CERN-2013-004",
      year           = "2013",
      eprint         = "1307.1347",
      archivePrefix  = "arXiv",
      primaryClass   = "hep-ph",
      reportNumber   = "CERN-2013-004, FERMILAB-CONF-13-667-T",
      SLACcitation   = "%%CITATION = ARXIV:1307.1347;%%",
}

@article{gluonfusioncrosssection,
	title			= {Higgs Bosons from Two-Gluon Annihilation in Proton-Proton Collisions},
	author			= {Georgi, H. M. and Glashow, S. L. and Machacek, M. E. and Nanopoulos, D. V.},
	journal			= {Phys. Rev. Lett.},
	volume			= {40},
	issue			= {11},
	pages			= {692--694},
	numpages		= {0},
	year			= {1978},
	month			= {Mar},
	publisher		= {American Physical Society},
	doi				= {10.1103/PhysRevLett.40.692},
	url				= {http://link.aps.org/doi/10.1103/PhysRevLett.40.692}
}

@article{symmetrybreaking1,
	author			= "Djouadi, Abdelhak",
	title			= "{The Anatomy of electro-weak symmetry breaking. I: The
						Higgs boson in the standard model}",
	journal			= "Phys.Rept.",
	volume			= "457",
	pages			= "1-216",
	doi				= "10.1016/j.physrep.2007.10.004",
	year			= "2008",
	eprint			= "hep-ph/0503172",
	archivePrefix	= "arXiv",
	primaryClass	= "hep-ph",
	reportNumber	= "LPT-ORSAY-05-17",
	SLACcitation	= "%%CITATION = HEP-PH/0503172;%%",
}

@article{gfusionnlo1,
  title = {QCD corrections to Higgs-boson production at proton-proton colliders},
  author = {Graudenz, D. and Spira, M. and Zerwas, P. M.},
  journal = {Phys. Rev. Lett.},
  volume = {70},
  issue = {10},
  pages = {1372--1375},
  numpages = {0},
  year = {1993},
  month = {Mar},
  publisher = {American Physical Society},
  doi = {10.1103/PhysRevLett.70.1372},
  url = {http://link.aps.org/doi/10.1103/PhysRevLett.70.1372}
}


@article{gfusionnlo2,
title = "Production of Higgs bosons in proton colliders. \{QCD\} corrections ",
journal = "Physics Letters B ",
volume = "264",
number = "3–4",
pages = "440 - 446",
year = "1991",
note = "",
issn = "0370-2693",
doi = "http://dx.doi.org/10.1016/0370-2693(91)90375-Z",
url = "http://www.sciencedirect.com/science/article/pii/037026939190375Z",
author = "A. Djouadi and M. Spira and P.M. Zerwas"
}

@article{htau_atlas,
      author         = "Aad, Georges and others",
      title          = "{Evidence for the Higgs-boson Yukawa coupling to tau
                        leptons with the ATLAS detector}",
      collaboration  = "ATLAS",
      journal        = "JHEP",
      volume         = "1504",
      pages          = "117",
      doi            = "10.1007/JHEP04(2015)117",
      year           = "2015",
      eprint         = "1501.04943",
      archivePrefix  = "arXiv",
      primaryClass   = "hep-ex",
      reportNumber   = "CERN-PH-EP-2014-262",
      SLACcitation   = "%%CITATION = ARXIV:1501.04943;%%",
}

@article{htau_cms,
      author         = "Chatrchyan, Serguei and others",
      title          = "{Evidence for the 125 GeV Higgs boson decaying to a pair
                        of $\tau$ leptons}",
      collaboration  = "CMS",
      journal        = "JHEP",
      volume         = "1405",
      pages          = "104",
      doi            = "10.1007/JHEP05(2014)104",
      year           = "2014",
      eprint         = "1401.5041",
      archivePrefix  = "arXiv",
      primaryClass   = "hep-ex",
      reportNumber   = "CMS-HIG-13-004, CERN-PH-EP-2014-001",
      SLACcitation   = "%%CITATION = ARXIV:1401.5041;%%",
}

@article{gfusionnnlo1,
  title = {Next-to-Next-to-Leading Order Higgs Production at Hadron Colliders},
  author = {Harlander, Robert V. and Kilgore, William B.},
  journal = {Phys. Rev. Lett.},
  volume = {88},
  issue = {20},
  pages = {201801},
  numpages = {4},
  year = {2002},
  month = {May},
  publisher = {American Physical Society},
  doi = {10.1103/PhysRevLett.88.201801},
  url = {http://link.aps.org/doi/10.1103/PhysRevLett.88.201801}
}

@article{gfusionnnlo2,
      author         = "Anastasiou, Charalampos and Melnikov, Kirill",
      title          = "{Higgs boson production at hadron colliders in NNLO QCD}",
      journal        = "Nucl.Phys.",
      volume         = "B646",
      pages          = "220-256",
      doi            = "10.1016/S0550-3213(02)00837-4",
      year           = "2002",
      eprint         = "hep-ph/0207004",
      archivePrefix  = "arXiv",
      primaryClass   = "hep-ph",
      reportNumber   = "SLAC-PUB-9273",
      SLACcitation   = "%%CITATION = HEP-PH/0207004;%%",
}

@article{gfusionnlo3,
title = "Radiative corrections to Higgs boson production ",
journal = "Nuclear Physics B ",
volume = "359",
number = "2–3",
pages = "283 - 300",
year = "1991",
note = "",
issn = "0550-3213",
doi = "http://dx.doi.org/10.1016/0550-3213(91)90061-2",
url = "http://www.sciencedirect.com/science/article/pii/0550321391900612",
author = "S. Dawson"
}

@article{ggh_nnlo_fullydiff_1,
      author         = "Anastasiou, Charalampos and Melnikov, Kirill and
                        Petriello, Frank",
      title          = "{Fully differential Higgs boson production and the
                        di-photon signal through next-to-next-to-leading order}",
      journal        = "Nucl.Phys.",
      volume         = "B724",
      pages          = "197-246",
      doi            = "10.1016/j.nuclphysb.2005.06.036",
      year           = "2005",
      eprint         = "hep-ph/0501130",
      archivePrefix  = "arXiv",
      primaryClass   = "hep-ph",
      reportNumber   = "UH-511-1066-05",
      SLACcitation   = "%%CITATION = HEP-PH/0501130;%%",
}

@article{ggh_nnlo_fullydiff_2,
      author         = "Catani, Stefano and Grazzini, Massimiliano",
      title          = "{An NNLO subtraction formalism in hadron collisions and
                        its application to Higgs boson production at the LHC}",
      journal        = "Phys.Rev.Lett.",
      volume         = "98",
      pages          = "222002",
      doi            = "10.1103/PhysRevLett.98.222002",
      year           = "2007",
      eprint         = "hep-ph/0703012",
      archivePrefix  = "arXiv",
      primaryClass   = "hep-ph",
      SLACcitation   = "%%CITATION = HEP-PH/0703012;%%",
}

@article{gghj_nlo_fullydiff_1,
      author         = "de Florian, D. and Grazzini, M. and Kunszt, Z.",
      title          = "{Higgs production with large transverse momentum in
                        hadronic collisions at next-to-leading order}",
      journal        = "Phys.Rev.Lett.",
      volume         = "82",
      pages          = "5209-5212",
      doi            = "10.1103/PhysRevLett.82.5209",
      year           = "1999",
      eprint         = "hep-ph/9902483",
      archivePrefix  = "arXiv",
      primaryClass   = "hep-ph",
      reportNumber   = "ETH-TH-99-06",
      SLACcitation   = "%%CITATION = HEP-PH/9902483;%%",
}

@article{gghj_nlo_fullydiff_2,
      author         = "Ravindran, V. and Smith, J. and Van Neerven, W.L.",
      title          = "{Next-to-leading order QCD corrections to differential
                        distributions of Higgs boson production in hadron hadron
                        collisions}",
      journal        = "Nucl.Phys.",
      volume         = "B634",
      pages          = "247-290",
      doi            = "10.1016/S0550-3213(02)00333-4",
      year           = "2002",
      eprint         = "hep-ph/0201114",
      archivePrefix  = "arXiv",
      primaryClass   = "hep-ph",
      reportNumber   = "YITP-SB-01-73, INLO-PUB-12-01",
      SLACcitation   = "%%CITATION = HEP-PH/0201114;%%",
}

@article{gghjj_nlo_fullydiff_1,
      author         = "Campbell, John M. and Ellis, R. Keith and Williams,
                        Ciaran",
      title          = "{Hadronic production of a Higgs boson and two jets at
                        next-to-leading order}",
      journal        = "Phys.Rev.",
      volume         = "D81",
      pages          = "074023",
      doi            = "10.1103/PhysRevD.81.074023",
      year           = "2010",
      eprint         = "1001.4495",
      archivePrefix  = "arXiv",
      primaryClass   = "hep-ph",
      reportNumber   = "FERMILAB-PUB-10-013-T, IPPP-10-06",
      SLACcitation   = "%%CITATION = ARXIV:1001.4495;%%",
}

@article{gghjj_nlo_fullydiff_2,
      author         = "van Deurzen, H. and Greiner, N. and Luisoni, G. and
                        Mastrolia, P. and Mirabella, E. and others",
      title          = "{NLO QCD corrections to the production of Higgs plus two
                        jets at the LHC}",
      journal        = "Phys.Lett.",
      volume         = "B721",
      pages          = "74-81",
      doi            = "10.1016/j.physletb.2013.02.051",
      year           = "2013",
      eprint         = "1301.0493",
      archivePrefix  = "arXiv",
      primaryClass   = "hep-ph",
      reportNumber   = "DSF-03-2013, MPP-2013-36",
      SLACcitation   = "%%CITATION = ARXIV:1301.0493;%%",
}

@article{gghjjj_nlo_fullydiff,
      author         = "Cullen, G. and van Deurzen, H. and Greiner, N. and
                        Luisoni, G. and Mastrolia, P. and others",
      title          = "{Next-to-Leading-Order QCD Corrections to Higgs Boson
                        Production Plus Three Jets in Gluon Fusion}",
      journal        = "Phys.Rev.Lett.",
      number         = "13",
      volume         = "111",
      pages          = "131801",
      doi            = "10.1103/PhysRevLett.111.131801",
      year           = "2013",
      eprint         = "1307.4737",
      archivePrefix  = "arXiv",
      primaryClass   = "hep-ph",
      reportNumber   = "DESY-13-119, DF-06-2013, LPN-13-042, MPP-2013-193,
                        SFB-CPP-13-46",
      SLACcitation   = "%%CITATION = ARXIV:1307.4737;%%",
}

@article{gghj_nnlo_progress,
      author         = "Chen, X. and Gehrmann, T. and Glover, E.W.N. and Jaquier,
                        M.",
      title          = "{Precise QCD predictions for the production of Higgs +
                        jet final states}",
      journal        = "Phys.Lett.",
      volume         = "B740",
      pages          = "147-150",
      doi            = "10.1016/j.physletb.2014.11.021",
      year           = "2015",
      eprint         = "1408.5325",
      archivePrefix  = "arXiv",
      primaryClass   = "hep-ph",
      reportNumber   = "IPPP-14-64, ZU-TH-27-14",
      SLACcitation   = "%%CITATION = ARXIV:1408.5325;%%",
}

@article{slicing_vs_subtraction,
  title = {Calculation of jet cross sections in hadron collisions at order {${\ensuremath{\alpha}}_{s}^{3}$}},
  author = {Kunszt, Zoltan and Soper, Davison E.},
  journal = {Phys. Rev. D},
  volume = {46},
  issue = {1},
  pages = {192--221},
  numpages = {0},
  year = {1992},
  month = {Jul},
  publisher = {American Physical Society},
  doi = {10.1103/PhysRevD.46.192},
  url = {http://link.aps.org/doi/10.1103/PhysRevD.46.192}
}

@article{mcatnlo,
      author         = "Frixione, Stefano and Webber, Bryan R.",
      title          = "{Matching NLO QCD computations and parton shower
                        simulations}",
      journal        = "JHEP",
      volume         = "0206",
      pages          = "029",
      doi            = "10.1088/1126-6708/2002/06/029",
      year           = "2002",
      eprint         = "hep-ph/0204244",
      archivePrefix  = "arXiv",
      primaryClass   = "hep-ph",
      reportNumber   = "CAVENDISH-HEP-02-01, LAPTH-905-02, GEF-TH-2-2002",
      SLACcitation   = "%%CITATION = HEP-PH/0204244;%%",
}

@article{catani_seymour1997,
      author         = "Catani, S. and Seymour, M.H.",
      title          = "{A General algorithm for calculating jet cross-sections
                        in NLO QCD}",
      journal        = "Nucl.Phys.",
      volume         = "B485",
      pages          = "291-419",
      doi            = "10.1016/S0550-3213(96)00589-5",
      year           = "1997",
      eprint         = "hep-ph/9605323",
      archivePrefix  = "arXiv",
      primaryClass   = "hep-ph",
      reportNumber   = "CERN-TH-96-029, CERN-TH-96-29",
      SLACcitation   = "%%CITATION = HEP-PH/9605323;%%",
}

@article{ct10,
      author         = "Lai, Hung-Liang and Guzzi, Marco and Huston, Joey and Li,
                        Zhao and Nadolsky, Pavel M. and others",
      title          = "{New parton distributions for collider physics}",
      journal        = "Phys.Rev.",
      volume         = "D82",
      pages          = "074024",
      doi            = "10.1103/PhysRevD.82.074024",
      year           = "2010",
      eprint         = "1007.2241",
      archivePrefix  = "arXiv",
      primaryClass   = "hep-ph",
      reportNumber   = "MSUHEP-100707, SMU-HEP-10-10",
      SLACcitation   = "%%CITATION = ARXIV:1007.2241;%%",
}

@article{fastjet_manual,
      author         = "Cacciari, Matteo and Salam, Gavin P. and Soyez, Gregory",
      title          = "{FastJet User Manual}",
      journal        = "Eur.Phys.J.",
      volume         = "C72",
      pages          = "1896",
      doi            = "10.1140/epjc/s10052-012-1896-2",
      year           = "2012",
      eprint         = "1111.6097",
      archivePrefix  = "arXiv",
      primaryClass   = "hep-ph",
      reportNumber   = "CERN-PH-TH-2011-297",
      SLACcitation   = "%%CITATION = ARXIV:1111.6097;%%",
}



@article{anti_kt,
      author         = "Cacciari, Matteo and Salam, Gavin P. and Soyez, Gregory",
      title          = "{The Anti-k(t) jet clustering algorithm}",
      journal        = "JHEP",
      volume         = "0804",
      pages          = "063",
      doi            = "10.1088/1126-6708/2008/04/063",
      year           = "2008",
      eprint         = "0802.1189",
      archivePrefix  = "arXiv",
      primaryClass   = "hep-ph",
      reportNumber   = "LPTHE-07-03",
      SLACcitation   = "%%CITATION = ARXIV:0802.1189;%%",
}

%% Higgs mechanism papers
@article{higgs1964a,
title = "Broken symmetries, massless particles and gauge fields ",
journal = "Physics Letters ",
volume = "12",
number = "2",
pages = "132 - 133",
year = "1964",
note = "",
issn = "0031-9163",
doi = "http://dx.doi.org/10.1016/0031-9163(64)91136-9",
url = "http://www.sciencedirect.com/science/article/pii/0031916364911369",
author = "P.W. Higgs"
}

@article{higgs1964b,
  title = {Broken Symmetries and the Masses of Gauge Bosons},
  author = {Higgs, Peter W.},
  journal = {Phys. Rev. Lett.},
  volume = {13},
  issue = {16},
  pages = {508--509},
  numpages = {0},
  year = {1964},
  month = {Oct},
  publisher = {American Physical Society},
  doi = {10.1103/PhysRevLett.13.508},
  url = {http://link.aps.org/doi/10.1103/PhysRevLett.13.508}
}

@article{englert1964,
  title = {Broken Symmetry and the Mass of Gauge Vector Mesons},
  author = {Englert, F. and Brout, R.},
  journal = {Phys. Rev. Lett.},
  volume = {13},
  issue = {9},
  pages = {321--323},
  numpages = {0},
  year = {1964},
  month = {Aug},
  publisher = {American Physical Society},
  doi = {10.1103/PhysRevLett.13.321},
  url = {http://link.aps.org/doi/10.1103/PhysRevLett.13.321}
}

@article{guralnik1964,
  title = {Global Conservation Laws and Massless Particles},
  author = {Guralnik, G. S. and Hagen, C. R. and Kibble, T. W. B.},
  journal = {Phys. Rev. Lett.},
  volume = {13},
  issue = {20},
  pages = {585--587},
  numpages = {0},
  year = {1964},
  month = {Nov},
  publisher = {American Physical Society},
  doi = {10.1103/PhysRevLett.13.585},
  url = {http://link.aps.org/doi/10.1103/PhysRevLett.13.585}
}

@article{nambu1960,
  title = {Quasi-Particles and Gauge Invariance in the Theory of Superconductivity},
  author = {Nambu, Yoichiro},
  journal = {Phys. Rev.},
  volume = {117},
  issue = {3},
  pages = {648--663},
  numpages = {0},
  year = {1960},
  month = {Feb},
  publisher = {American Physical Society},
  doi = {10.1103/PhysRev.117.648},
  url = {http://link.aps.org/doi/10.1103/PhysRev.117.648}
}

@article{anderson1963,
  title = {Plasmons, Gauge Invariance, and Mass},
  author = {Anderson, P. W.},
  journal = {Phys. Rev.},
  volume = {130},
  issue = {1},
  pages = {439--442},
  numpages = {0},
  year = {1963},
  month = {Apr},
  publisher = {American Physical Society},
  doi = {10.1103/PhysRev.130.439},
  url = {http://link.aps.org/doi/10.1103/PhysRev.130.439}
}

%% Goldstone theorem
@article{goldstone1961,
year={1961},
issn={0029-6341},
journal={Il Nuovo Cimento},
volume={19},
number={1},
doi={10.1007/BF02812722},
title={Field theories with « Superconductor » solutions},
url={http://dx.doi.org/10.1007/BF02812722},
publisher={Società Italiana di Fisica},
author={Goldstone, J.},
pages={154-164},
language={English}
}

@article{goldstone1962,
  title = {Broken Symmetries},
  author = {Goldstone, Jeffrey and Salam, Abdus and Weinberg, Steven},
  journal = {Phys. Rev.},
  volume = {127},
  issue = {3},
  pages = {965--970},
  numpages = {0},
  year = {1962},
  month = {Aug},
  publisher = {American Physical Society},
  doi = {10.1103/PhysRev.127.965},
  url = {http://link.aps.org/doi/10.1103/PhysRev.127.965}
}

